3382 5362
630 407 875 486 -1292

204 552 373 621 Morsibus
395 550 615 618 immemores
638 553 760 636 pectus
782 568 925 618 secuere
949 550 1134 638 pudicum:

206 665 279 731 Hoc
302 662 413 749 piget,
435 659 635 742 elusumque
661 658 786 724 bonum
810 657 882 725 sine
906 660 974 726 fine
998 660 1130 727 dolebo

206 774 292 853 Heu,
315 769 468 849 Pisaure,
493 765 577 833 meis
601 767 712 833 solare
737 766 910 835 doloribus
933 766 1019 854 ipse,

203 881 287 946 Nam
312 880 410 964 potes
434 873 610 960 egregius,
633 879 819 960 nostroque
843 877 983 943 medere
1008 873 1139 943 dolori:

204 986 377 1054 Auxilium
403 985 528 1071 populo
553 981 664 1050 facilis
687 984 837 1050 concede
862 982 1014 1070 pelenti,

202 1099 278 1181 lpse
302 1098 429 1161 Ducem
453 1091 608 1176 exoptat,
632 1089 779 1157 facimus
802 1090 862 1176 qui
885 1089 1016 1176 dirigat
1041 1110 1202 1177 aequum,

203 1207 339 1287 Perque
363 1203 449 1279 tuas,
473 1197 660 1283 populique
685 1217 804 1264 manus
828 1197 890 1264 sim
915 1217 937 1264 a
961 1200 1103 1268 vulnere
1126 1217 1255 1287 sospes,

204 1312 245 1376 nt
270 1307 394 1376 merita
417 1307 561 1392 pereant
584 1303 752 1372 immanes
775 1309 887 1373 morte
910 1306 1065 1373 rebelles,

203 1416 236 1486 Si
260 1415 384 1485 renuis·
400 1416 567 1498 metuens
591 1414 684 1479 nulla
708 1412 839 1498 pietate
863 1416 1060 1498 gementem

203 1530 399 1611 Insequere,
422 1519 597 1601 excrucia,
622 1519 802 1605 verbisque
826 1520 1030 1606 procacibus
1053 1540 1153 1606 urge,

202 1635 246 1700 nt
269 1634 385 1700 lacera
408 1630 481 1716 ipse
506 1627 574 1695 tuis
599 1630 722 1715 plagas
745 1628 839 1695 ferus
862 1628 1034 1714 unguibus
1057 1628 1153 1712 istas

202 1737 478 1823 vulneribusque
503 1735 600 1805 novis
623 1738 892 1821 languensfode
916 1733 1058 1823 cuspide
1082 1740 1204 1823 pectus

202 1853 250 1916 Da
274 1846 389 1927 libros,
406 1846 586 1930 ¹fastosque
610 1843 695 1913 focis
718 1865 797 1913 mea
819 1845 913 1913 sacta
937 1848 1126 1931 loquentes,

202 1957 301 2022 Nulla
324 1973 389 2023 nec
413 1952 539 2020 existat
562 1953 735 2021 factorum
759 1955 852 2022 lama
874 1959 1060 2041 superstes

201 2066 249 2132 Ne
274 2082 363 2130 nova
386 2060 571 2148 progenies
593 2062 750 2130 referens
771 2063 857 2130 haec
881 2066 1040 2149 tempora
1062 2062 1196 2150 priscis,

202 2172 295 2241 Bella
320 2169 478 2256 virosque
505 2169 586 2237 viris
609 2169 786 2255 bellisque,
810 2169 974 2257 objurget
998 2169 1125 2238 amaris

201 2277 403 2366 Opprobriis
427 2281 555 2345 memet
578 2297 717 2345 causam
742 2298 884 2365 passura
908 2280 1053 2360 labores,

200 2388 442 2470 Devoveatque
467 2385 559 2470 piam
584 2384 726 2463 nimium
750 2385 937 2454 crudeliter
960 2406 1089 2470 aegra:

199 2498 243 2560 nt
267 2492 403 2574 merito,
426 2493 516 2559 haud
542 2492 674 2578 pigeat,
697 2493 831 2561 fateor:
856 2515 936 2561 nam
960 2492 1093 2561 scilicet
1116 2492 1190 2581 ipsa

201 2605 363 2670 Crescere
388 2597 528 2685 permisi
552 2603 670 2667 nostra
693 2602 784 2669 mala
806 2603 937 2670 semina
961 2607 1068 2683 terra,

201 2711 271 2776 Nec
294 2707 387 2774 ferro
412 2706 545 2773 excussi
570 2707 685 2791 segnis
708 2708 825 2795 capita
847 2712 917 2777 alta
941 2712 1095 2777 cruento.

198 2814 302 2896 Dixit,
325 2816 361 2882 et
384 2815 453 2882 alta
478 2815 618 2881 trahens
641 2816 684 2882 de
708 2815 776 2885 imo
800 2817 949 2903 suspiria
971 2817 1089 2900 corde,

199 2923 338 3007 Fulgor
352 2921 434 3002 abit,
459 2920 561 2989 citius
585 2923 696 2988 tenuis
720 2921 821 2989 simul
843 2923 903 2990 illa
927 2922 1080 2991 recessit.

198 3029 253 3096 Sic
276 3028 394 3110 etiam,
417 3047 518 3113 quem
544 3047 688 3096 excussa
711 3050 831 3097 manus
855 3029 1032 3098 succendit
1056 3032 1099 3096 ad
1124 3030 1252 3115 ignem,

197 3141 233 3202 ln
258 3136 390 3202 fumum
415 3135 533 3222 piceus
555 3135 668 3222 pulvis
690 3136 760 3204 cito
784 3137 909 3204 desinit
932 3141 1057 3204 atrum.

196 3243 354 3311 concutit
377 3242 545 3311 attonitus
568 3246 664 3311 artus
687 3243 844 3312 mirabile
868 3250 1080 3332 monstrum;

197 3350 312 3420 Nescit
335 3353 453 3418 utrum
478 3349 552 3418 veri
575 3350 637 3419 sibi
662 3351 708 3418 sit
730 3353 942 3438 praenuncia
968 3353 1096 3439 image,

195 3459 248 3524 An
271 3457 385 3546 potius
409 3457 499 3525 fictis
522 3459 689 3526 deludant
712 3461 844 3527 somnia
867 3460 983 3546 signis.

195 3567 280 3632 Dum
305 3564 459 3646 timidus
484 3554 701 3651 moestusque
725 3586 787 3633 sua
811 3568 896 3634 baec
921 3568 954 3634 in
980 3573 1095 3637 mente
1117 3572 1259 3653 volutat,

88 3736 90 3740 ,
196 3676 349 3757 Dumque
374 3673 492 3739 oculos
514 3671 628 3757 agitat
650 3693 714 3759 per
737 3693 845 3742 caeca
869 3675 995 3743 cubilia
1019 3681 1169 3763 apertos,

194 3776 228 3842 Si
252 3797 321 3862 qua
343 3782 444 3864 parte
469 3777 620 3845 animum
645 3781 801 3847 delusum
825 3787 984 3849 cerneret
1008 3802 1178 3869 unquam;

195 3886 284 3952 Ecce
309 3903 436 3952 novum
464 3887 581 3952 turbat
606 3885 786 3970 vigilantia
809 3892 953 3973 pectora
976 3894 1175 3957 monstrum.

193 3994 222 4056 H
228 3989 338 4077 ispida
362 3990 545 4072 caesaries
569 3994 746 4077 turgentia
769 3994 898 4061 lumina
922 3999 1012 4063 nullo

194 4100 288 4164 Motu
322 4097 469 4182 agitata,
492 4117 604 4182 genae
627 4099 718 4169 sicco
743 4103 875 4187 pallore
899 4108 1043 4170 cavatae

199 4205 397 4287 Albescunt,
421 4205 561 4289 sanguis
584 4227 646 4293 per
670 4227 774 4275 venas
797 4210 944 4295 palpitat
967 4230 1096 4295 omneS,

191 4314 234 4377 Et
260 4316 378 4379 movet
402 4317 564 4379 extensas
587 4316 679 4382 nullo
704 4316 869 4384 solamine
893 4320 1034 4404 palmas.
