3382 5362
866 1527 995 1592 LIBER
1019 1529 1076 1592 111.

409 1759 596 1841 Arrnuun,
619 1762 656 1825 ut
680 1758 804 1826 eleusis
827 1757 983 1844 quamvis
1006 1758 1202 1827 fornacibus
1224 1758 1326 1844 ignis,

453 1871 535 1934 Jure
557 1886 619 1933 suo
644 1870 761 1932 utatur
774 1889 783 1953 3
807 1870 934 1948 tamen,
958 1869 994 1932 ut
1018 1866 1046 1931 si
1070 1867 1247 1934 ostendere
1272 1867 1374 1933 vellet

453 1975 517 2042 1110
541 1976 657 2041 sedern
680 1993 752 2040 esse
770 1993 878 2054 suam,
894 1975 1092 2059 fumumque
1108 1979 1307 2060 aestumque
1324 1970 1497 2040 ministros

342 2076 345 2084 ’
454 2081 589 2150 Emittit
611 2088 778 2169 praeunte
802 2085 896 2162 nota,
918 2100 1110 2168 parvasque
1135 2080 1268 2148 favillas
1281 2103 1289 2169 3

454 2190 508 2257 Sie
532 2190 613 2256 lieet
636 2195 715 2256 aeta
739 2194 859 2275 tegant
882 2192 1037 2257 consulta
1060 2190 1180 2257 fraude
1204 2187 1341 2256 nefandi

454 2296 676 2384 improbitate
702 2296 790 2379 Viri,
813 2316 999 2382 numquam
1022 2298 1154 2381 latuere
1180 2298 1362 2363 Senatum:

453 2407 495 2471 nt
519 2403 599 2471 lieet
622 2404 765 2471 istorum
789 2405 884 2472 rabie
907 2422 1002 2471 mons
1024 2403 1185 2470 intremat
1207 2403 1293 2485 aeri,

452 2513 557 2578 Nemo
582 2514 785 2580 Senatorum
809 2511 915 2597 signis
938 2511 1076 2595 ignorat
1100 2510 1230 2597 apertis

452 2617 686 2702 Franoigenas
709 2638 883 2704 noxasque
907 2619 1069 2703 dolosque
1093 2618 1211 2685 fovere
1234 2637 1298 2705 per
1320 2617 1414 2698 istos

453 2731 500 2796 Vt
522 2733 599 2795 tuat
622 2728 808 2796 Adriaoum
833 2731 1002 2811 Regnum,
1025 2746 1215 2812 nomenque
1239 2731 1420 2794 vetustum.

451 2839 523 2914 Quo
547 2855 601 2902 ros
624 2855 756 2902 summa
779 2834 864 2903 loei!
891 2854 976 2920 quos
998 2841 1115 2920 patres
1139 2834 1285 2901 vidimus
1307 2834 1477 2919 unquam!

452 2946 522 3011 Lex
546 2949 622 3011 erat
645 2942 802 3010 Adriaeis
824 2941 966 3028 antiqua
989 2945 1032 3010 ab
1057 2941 1190 3027 origine
1213 2942 1374 3029 prudens

451 3051 499 3118 Ne
522 3050 625 3118 liceat
648 3050 768 3133 cuivis,
791 3051 904 3137 patrio
928 3049 986 3136 qui
1007 3049 1087 3135 jure
1111 3051 1266 3130 decorus,

452 3159 518 3225 Ore
542 3161 707 3240 revelato,
730 3163 879 3226 secretas
901 3158 1052 3245 pandere
1077 3158 1184 3241 leges,

451 3264 601 3333 Provida
624 3284 708 3351 quas
731 3265 843 3332 sanxit
866 3263 997 3332 foribus
1020 3283 1081 3331 sua
1105 3263 1207 3332 Curia
1230 3261 1364 3331 etausis.

452 3375 564 3459 Turpe
588 3375 683 3439 netas
707 3375 898 3455 Oratorem,
922 3376 1099 3457 Regurnve
1123 3370 1316 3438 Ministrum

451 3480 571 3550 Visere
594 3480 757 3561 Patricio,
781 3482 931 3548 alternas
955 3485 989 3545 et
1013 3478 1159 3547 reddere
1186 3497 1294 3545 voees

450 3589 595 3655 Dedecet
619 3598 721 3675 atque
746 3588 860 3670 etiam,
884 3587 912 3655 si
936 3585 1057 3654 nobilis
1081 3587 1151 3652 ulla
1175 3587 1329 3667 taberna,

449 3694 527 3762 Sive
552 3696 672 3763 domus
696 3702 844 3777 teneant,
867 3696 949 3762 11100
974 3692 1122 3777 vestigia
1145 3698 1248 3760 terre.

449 3804 534 3882 Vae,
558 3802 619 3888 qui
642 3806 825 3889 spernebat
848 3802 981 3887 legem!
1007 3801 1077 3867 cita
1100 3818 1212 3885 poena
1234 3801 1424 3886 premebat.

448 3912 571 3975 Fertur
595 3914 631 3976 at
655 3910 793 3976 indubie
818 3912 908 3995 quod
932 3913 1149 3974 sacramenta
1173 3912 1342 3987 terantur,

446 4018 537 4084 Proh
560 4017 712 4084 lacinus!
739 4036 874 4103 semper
897 4017 988 4102 quod
1012 4015 1164 4101 pandant
1188 4014 1302 4082 omnia
1326 4013 1441 4094 Gallis,

447 4127 553 4209 Inque
578 4124 651 4191 dies
674 4126 741 4192 duo
766 4122 906 4191 Patrieii
930 4123 1086 4190 consulta
1108 4123 1264 4202 Senatus,
1318 4185 1321 4189 .

446 4233 490 4298 Et
513 4251 592 4299 eum
616 4234 748 4317 Legato
773 4235 959 4300 contexant
982 4228 1131 4317 plurima
1154 4232 1287 4297 Franco
