3382 5362
661 421 839 487 ..97-

228 563 280 630 An
305 566 468 650 poterant
489 583 639 650 unquam
663 570 783 652 pectus
806 563 911 632 lenire
936 565 1084 633 ferinum

228 673 344 738 Verba
367 671 537 739 hominis?
561 691 734 758 nunquam
757 673 926 741 rationem
949 675 1064 741 bellua
1087 674 1209 742 noscit.

228 777 314 854 Quid
337 777 429 865 juvit
453 798 554 846 voces
577 778 721 867 sapienti
747 781 890 848 sundere
914 780 1044 866 lingua,
1079 850 1085 855 ,

228 889 311 954 Cum
335 906 402 955 non
426 889 495 955 ulla
520 889 623 955 datur
643 887 748 972 justis
767 888 843 974 jam
867 887 1063 975 quaestibus
1086 889 1206 958 auris?

227 994 313 1070 Quid
333 994 436 1080 juvat
460 999 495 1062 et
519 1015 638 1063 verum
661 997 817 1082 proferre
841 997 1045 1082 negantibus
1067 996 1206 1083 ipsum?

159 1092 172 1112 ''
229 1104 322 1168 Anne
346 1106 469 1189 potest,
493 1122 572 1169 cum
595 1103 701 1170 hostis
724 1103 838 1171 renuit
860 1108 1037 1172 certamen
1060 1104 1166 1171 iniri?

228 1213 313 1276 Dum
337 1229 392 1276 res
415 1215 495 1277 acta
518 1209 595 1292 fuit,
619 1215 730 1277 mente
755 1214 791 1278 et
814 1212 928 1277 defixa
952 1211 1075 1294 tenaci,

228 1319 318 1383 Vota
342 1316 424 1402 quid
448 1316 628 1385 efficiunt?
652 1316 734 1401 quid
758 1322 901 1403 prosunt
924 1319 1076 1398 foedera,
1099 1321 1265 1404 questus?

229 1423 376 1491 Horrida
400 1424 449 1493 sic
472 1429 588 1510 rupes,
612 1426 704 1490 Echo
727 1423 905 1508 illudente,
928 1425 1088 1511 querenti

228 1536 423 1600 Frustratos
446 1531 607 1616 gemitus,
630 1532 891 1619 miserandaque
916 1536 1021 1601 verba
1044 1533 1200 1603 remittit.

223 1641 398 1719 ‚Redditur
423 1650 458 1707 et
481 1640 612 1706 serrum
637 1642 761 1707 durum
784 1641 833 1709 sic
857 1642 976 1708 durius
999 1641 1081 1722 ictu,

229 1747 379 1815 Alternis
401 1749 580 1833 geminant
604 1747 735 1816 vicibus
757 1767 860 1834 quem
884 1749 1025 1818 brachia
1048 1749 1193 1818 fabrdm.

230 1859 277 1923 Vt
300 1855 413 1924 medio
438 1855 537 1923 Titan
561 1855 666 1923 radiis
689 1856 944 1944 splendentibus
968 1859 1051 1925 orbe

229 1965 360 2031 Olarior
383 1966 540 2049 affulget,
562 1964 610 2032 sic
634 1983 730 2032 mens
753 1965 952 2050 animusque
977 1966 1141 2033 scelestus

229 2073 403 2164 Gallorum
427 2071 540 2159 patuit
563 2071 730 2158 perdendi
754 2071 884 2140 viribus
907 2074 1037 2139 Vrbem

229 2178 401 2247 Adriaoan
425 2173 517 2247 totis.
542 2180 612 2248 Sict
631 2179 726 2266 juvit
749 2180 893 2248 eredere
917 2179 1041 2248 Gallis!

228 2290 412 2373 Postquam
437 2307 516 2376 spes
539 2290 643 2356 rebus
666 2287 808 2355 evanuit
834 2288 902 2354 ulla
922 2286 1097 2373 juvandis,

228 2398 358 2463 Donato
382 2394 415 2461 in
441 2399 561 2464 ventos
584 2415 704 2475 vocem
729 2395 892 2461 fundente
916 2396 1080 2482 fluentes3

229 2502 372 2570 Sedibus
394 2522 578 2588 assurgens
601 2521 770 2588 generoso
794 2522 971 2570 murmure
994 2506 1144 2571 moestos

228 2610 376 2694 Quisque
401 2611 490 2677 lares
513 2610 641 2696 repetit
665 2609 831 2678 miserans
854 2611 1049 2678 communia
1073 2612 1208 2693 damna,

228 2721 322 2795 Quae
346 2720 493 2784 ventura
517 2718 631 2785 sorent
656 2719 810 2801 Venetis,
833 2719 1038 2805 patriaeque
1063 2719 1203 2787 labanti.

229 2830 366 2892 lnterea
390 2830 564 2913 Bonapars
587 2826 629 2891 ad
655 2830 795 2912 apertas
818 2829 963 2894 flexerat
986 2831 1079 2894 artes

227 2937 377 3001 Mentem
400 2934 620 3021 animumque
644 2954 760 3001 suum:
786 2938 954 3003 Venetam
973 2955 1053 3002 mox
1069 2933 1219 3021 imperat
1238 2939 1312 3003 Vr-

229 3041 412 3110 Obsidione
428 3041 551 3129 premi,
564 3045 668 3127 atque
681 3043 725 3108 ad
738 3043 865 3110 bellum
877 3046 999 3109 ourcta
1014 3041 1143 3128 parari.
1234 3045 1311 3111 bem

187 3153 280 3217 Tunc
303 3170 324 3217 a
348 3169 502 3219 convexo
527 3153 661 3217 nostras
684 3149 844 3236 pervenit
867 3151 911 3216 ad
935 3167 1037 3215 aures

230 3259 374 3325 AEth'ere
399 3278 566 3341 murmur,
589 3257 640 3326 uti
664 3277 743 3325 cum
767 3261 882 3325 terrae
906 3258 1011 3324 cardo
1029 3257 1178 3340 lababat,

230 3363 379 3434 Motibus
402 3364 582 3433 horriferis
605 3364 722 3431 audivi
746 3384 856 3451 nuper
880 3364 914 3430 in
938 3364 1015 3431 imis

234 3472 378 3540 Telluris
401 3475 570 3559 specubus
594 3475 736 3539 ra'ucum
761 3472 898 3556 mugire
923 3473 1110 3556 fragorem.

233 3582 307 3647 Nox
331 3583 428 3648 erat:
453 3579 532 3646 hinc
556 3582 660 3665 atque
684 3578 763 3646 hinc
787 3582 887 3646 oculo
911 3580 1057 3646 mirante
1074 3599 1138 3666 per
1154 3582 1312 3647 umbram

230 3690 400 3763 Quattuor
423 3705 505 3754 ecce
529 3690 649 3772 globos
672 3689 885 3754 flammarum
911 3689 1086 3755 albescere
1111 3686 1193 3769 vidi,

228 3797 341 3880 Atque
365 3794 451 3862 alios
473 3797 588 3881 paullo
612 3797 738 3863 collata
761 3796 850 3861 mole
874 3795 1033 3876 minores,

230 3906 372 3988 Insuper
396 3920 565 3987 expansas
590 3901 685 3968 varie
709 3920 915 3987 percurrere
940 3904 1064 3969 nubes:

229 4010 378 4096 Jamjam
403 4011 612 4098 praecipites
636 4017 749 4077 terras
772 4011 981 4078 descendere
1006 4011 1040 4077 in
1064 4011 1151 4078 imas

229 4121 411 4205 Optarent,
435 4122 471 4185 et
495 4121 620 4185 cuncta
643 4137 705 4184 sua
729 4117 762 4183 vi
786 4117 971 4185 incendere
996 4122 1161 4204 averent3

229 4225 269 4290 Ni
294 4228 458 4310 regerent
481 4225 624 4293 totidem
649 4212 769 4292 fraeno
793 4225 975 4292 cohibente
1000 4244 1144 4293 corusca

228 4334 358 4417 Sydera
382 4335 546 4400 conatus:
572 4330 697 4416 majori
720 4334 809 4400 mole
834 4336 1029 4413 venustum,
