3382 5362
881 452 1061 520 ..62-

447 596 585 666 Civibus
608 601 660 664 est
684 616 822 665 census:
847 601 977 681 cogunt
1000 599 1155 664 consulta
1180 600 1337 667 Senatus.

448 711 541 773 Tunc
565 705 677 774 subito
701 704 857 791 quamvis
880 727 908 773 c÷
923 723 1002 772 nsus
1026 706 1231 792 persolverit
1254 726 1362 792 aegre

449 814 598 900 Quisque
622 833 701 883 suos
724 813 804 880 anni
828 814 958 900 delapsi
976 818 1133 901 tempore
1158 814 1261 903 civis3

448 923 610 990 Attamen
634 920 720 1008 ipse,
742 920 858 988 statim
882 939 923 988 ac
947 920 1071 989 scitum
1094 924 1271 1009 perfertur
1295 924 1339 990 ad
1370 942 1485 1006 aures

449 1031 522 1099 b'on
546 1030 647 1097 modo
672 1028 823 1113 vectigal
847 1029 959 1110 solvit,
982 1029 1040 1115 qui
1064 1049 1235 1116 agrosque
1260 1031 1446 1116 domosque

449 1136 605 1205 Possidet
628 1136 798 1224 aspiciens
822 1155 991 1220 armatam
1015 1137 1159 1205 navibus
1182 1140 1330 1206 Vrbem:

449 1245 513 1311 Sed
537 1263 673 1330 quoque
697 1263 776 1311 cum
801 1245 929 1330 populo
953 1244 1114 1311 certatim
1138 1246 1293 1330 pondera
1316 1247 1425 1313 laetus

448 1354 576 1435 Magna
599 1351 675 1417 auri
699 1349 807 1430 dedit,
831 1358 878 1431 et,
901 1370 991 1436 (quae
1015 1356 1098 1437 apta
1121 1357 1172 1419 est
1195 1353 1240 1419 ad
1260 1354 1351 1420 bella
1365 1355 1537 1440 supellex,

448 1456 593 1524 Donavit
616 1459 769 1541 cymbas
792 1475 902 1538 enses
924 1475 986 1523 sua
1009 1463 1171 1543 pectora:
1198 1464 1310 1525 vestes

449 1563 613 1632 Militibus
636 1565 770 1651 plures:
795 1566 926 1631 clarum
951 1565 1136 1651 populique
1161 1569 1353 1651 sequuntur

450 1670 553 1739 Vrbis
577 1677 613 1738 et
637 1672 833 1757 exemplum
856 1671 991 1757 reliqui,
1015 1671 1097 1740 licet
1121 1672 1270 1758 undique
1287 1671 1397 1760 pressi

448 1780 623 1847 Gallorum
648 1779 755 1860 rabie,
778 1798 924 1864 quorum
948 1777 1033 1846 l'urit
1056 1780 1159 1848 ardor
1183 1780 1341 1848 habendi.

448 1892 561 1960 Dulcis
585 1910 682 1960 amor
705 1891 841 1978 patriae
865 1894 1030 1961 donantes
1054 1891 1185 1960 excitat
1207 1892 1293 1960 illos

448 2002 575 2067 Vestra
598 1999 695 2082 tideS,
718 1998 848 2086 populi,
871 2000 975 2084 longo
999 1997 1247 2068 memorabitur
1271 2018 1371 2082 aere,

447 2107 599 2193 Regibus
623 2112 658 2175 et
682 2107 774 2175 dicet
799 2110 1014 2177 Venetorum
1037 2107 1153 2176 dulcia
1176 2109 1349 2193 quondam

448 2218 570 2301 Regna
593 2217 694 2285 fldem
717 2234 858 2302 prorsus
882 2220 1016 2284 tantum
1040 2215 1217 2298 meruisse,
1240 2235 1305 2283 nec
1329 2233 1402 2282 esse

450 2323 646 2410 Imperium,
671 2323 830 2410 impietas
854 2328 957 2391 vexet
980 2342 1058 2390 cum
1083 2325 1242 2405 barbara,
1266 2324 1413 2390 firmum.

449 2433 602 2516 Oquam
626 2434 802 2516 pertentat
825 2449 1016 2514 generosae
1039 2433 1183 2516 pectora
1207 2429 1316 2516 plebis

450 2549 486 2615 In
511 2542 660 2631 patriam
684 2543 795 2630 pietas
819 2544 944 2611 educta
967 2543 1168 2630 parentibus
1191 2543 1286 2630 ipsis,

449 2652 513 2728 Qui
537 2655 690 2720 Venetos
714 2650 802 2718 natis
826 2652 934 2718 fastus
957 2670 1101 2719 narrare
1126 2653 1296 2720 solebant!

450 2762 542 2827 Tunc
567 2758 684 2839 etiam,
707 2758 864 2843 quamvis
887 2763 1030 2826 ruerent
1054 2759 1159 2827 celeri
1184 2759 1298 2827 omnia
1321 2779 1443 2844 gressu

450 2868 502 2933 Ad
525 2867 624 2935 triste
649 2864 805 2950 exitium,
829 2871 933 2950 atque
958 2868 1059 2934 avido
1081 2865 1156 2952 jam
1180 2872 1323 2950 gutture
1347 2867 1435 2934 Galli

450 2977 557 3044 Gaias
580 2973 763 3054 suxissent,
786 2992 871 3058 quas
895 2972 1002 3040 Adria
1025 2973 1121 3040 dives
1144 2975 1304 3056 babebat,

451 3085 566 3167 Larga
589 3087 704 3148 tamen
729 3082 789 3147 dat
813 3099 896 3167 opes
920 3083 1093 3148 cumulato
1118 3081 1218 3167 copia
1242 3100 1359 3148 cornu.

452 3194 587 3260 Gaudet
610 3193 722 3259 adhuc
746 3192 904 3278 populus
920 3202 1009 3276 quae
1026 3210 1069 3257 ex
1087 3190 1199 3277 prisco
1216 3194 1372 3277 tempore
1396 3190 1532 3276 mansit,

451 3301 626 3368 Libertate
649 3298 801 3385 quidem,
824 3298 955 3381 gaudet
978 3297 1159 3365 dulcedine
1182 3298 1295 3382 regni,

452 3409 567 3477 Foeda
590 3407 695 3474 libido
719 3407 801 3474 licet
824 3408 946 3472 Patres
968 3405 1066 3491 quasi
1090 3406 1270 3490 frangeret
1293 3426 1419 3474 ornnes.

451 3520 540 3584 Ecce
566 3535 691 3583 novum
716 3514 837 3593 scelus
861 3531 943 3579 ecce
968 3514 1083 3579 dolum
1107 3513 1318 3580 meditantur
1341 3514 1495 3600 iniquum

453 3621 702 3707 Francigenae,
726 3620 837 3689 subito
862 3639 980 3687 rumor
1004 3639 1082 3686 cum
1106 3620 1217 3687 t'ertur
1241 3622 1285 3688 ad
1309 3641 1422 3704 aurea,

455 3729 561 3797 Adria
585 3731 676 3815 quod
701 3729 849 3796 validam
873 3730 1029 3809 classem,
1052 3730 1156 3811 atque
1180 3728 1358 3814 paraverit
1381 3748 1488 3798 arma.

455 3836 728 3923 chirographum
752 3834 896 3903 Venetis
919 3834 1040 3919 igitur,
1064 3837 1155 3920 quod
1179 3834 1262 3902 talia
1285 3841 1430 3919 moeret,

453 3946 523 4012 Nec
546 3963 656 4026 mora,
679 3942 876 4025 demittunt,
899 3946 1038 4030 poterat
1061 3943 1153 4027 quod
1178 3946 1314 4010 vertere
1338 3948 1489 4032 mentes;

452 4053 537 4117 Nam
562 4051 610 4119 sic
635 4053 751 4119 fucato
776 4049 900 4117 sensim
924 4068 1084 4136 sparsere
1109 4069 1253 4131 venen0,

451 4158 529 4224 Illos
552 4162 590 4224 ut
613 4161 791 4245 caperent,
814 4158 873 4223 sed
898 4175 975 4243 spes
999 4157 1101 4225 modo
1126 4156 1213 4223 ludit
1236 4161 1388 4225 aventes.

451 4267 529 4346 Cur,
555 4265 693 4347 Veneti,
716 4268 829 4332 tantas
853 4263 983 4332 ardetis
1006 4282 1134 4350 ponere
1160 4264 1275 4331 vires?

450 4372 546 4438 Anne
571 4371 706 4439 incerta
730 4372 815 4440 fides
839 4371 947 4452 nobie,
971 4371 1029 4456 qui
1053 4370 1193 4438 numina
1216 4372 1303 4441 coeli
