3382 5362
679 395 857 463 ..45-

247 539 308 620 Ne,
330 547 419 625 quae
444 559 533 608 nunc
557 540 664 610 fortes
687 543 874 610 Germanos
900 542 988 610 bolla
1012 542 1174 628 fatigant,

247 652 285 714 ln
308 667 370 715 nos
393 654 573 716 convertat
597 649 711 736 pejori
735 655 849 718 sorte:
875 653 1010 732 dirliete,

248 756 296 821 Vt
318 757 557 841 quodcumque
582 756 681 842 petit,
706 756 809 824 liceat
832 759 1023 825 concedere
1046 757 1217 843 primum:

247 863 382 929 Gaudet
406 866 483 948 post
506 864 611 930 duros
634 869 794 931 constans
819 864 986 950 patientia
1009 884 1118 932 casus

249 968 303 1036 Sic
327 967 388 1051 ait,
412 973 446 1036 et
462 971 584 1038 ,verbis
607 972 778 1039 sententia
802 976 903 1038 lirina
926 975 1070 1040 Senatus

248 1078 347 1143 Haud
371 1082 505 1144 mutata
528 1078 614 1146 tuit:
640 1080 725 1145 fines
748 1083 918 1165 urbesque
943 1080 1032 1147 tucri

212 1276 216 1284 Ι
248 1184 411 1253 Militibus
434 1187 565 1254 statuit.
591 1187 726 1254 Battaia
750 1187 907 1275 proditor
931 1207 991 1255 ore

249 1293 417 1375 Infrcmit,
441 1298 475 1360 et
499 1314 615 1361 secum
640 1295 762 1362 rabida
785 1296 989 1381 percellitur
1012 1294 1075 1361 ira.

248 1394 322 1467 Sed'
338 1403 509 1485 quodnam
533 1402 701 1471 Adriacos
724 1424 814 1471 nunc
839 1402 1056 1470 formidabile
1080 1403 1190 1469 fatum

248 1507 439 1592 Exagitatt
462 1529 632 1595 quaenam
657 1512 816 1598 coelestis
840 1511 995 1578 Nurninis
1018 1511 1083 1592 ira,

248 1617 341 1692 Quae
366 1620 401 1684 te
425 1618 565 1686 volvere
589 1623 641 1687 tot
665 1639 775 1703 casua,
800 1624 851 1689 tot
875 1619 971 1686 adire
996 1621 1132 1685 labores

249 1724 344 1791 Nunc
368 1724 514 1792 statuit?
538 1725 586 1794 sic
611 1729 720 1795 eheu!
746 1727 795 1795 sic
815 1727 891 1813 jam
915 1730 988 1794 lata
1012 1728 1194 1808 tulerunt,

250 1830 277 1897 O
300 1829 430 1913 Patria,
454 1836 493 1899 ut
516 1834 608 1901 foedi
635 1835 774 1902 sceleris
798 1833 948 1902 ludibria
971 1834 1053 1899 fias!

249 1940 351 2023 Ecce,
373 1939 549 2009 Parisiaca
573 1961 677 2028 quam
701 1945 744 2009 de
769 1943 892 2009 tellure
916 1939 1076 2017 Quirinus

249 2045 341 2112 Misit
364 2049 527 2132 Legatos,
550 2050 711 2136 pervenit
735 2049 893 2135 epistola,
915 2047 1012 2114 adire

250 2156 429 2240 Tempore,
452 2175 520 2240 quo
544 2159 661 2242 plures
684 2176 850 2224 convorso
875 2174 971 2222 moro
995 2156 1162 2236 solebant,

249 2261 321 2337 Quo
346 2264 558 2346 Venru,a11t
582 2266 693 2347 ludus,
717 2267 771 2331 vel
795 2283 862 2350 quo
887 2282 976 2329 nova
999 2281 1102 2329 scena
1127 2266 1283 2331 vocabat.
1347 2276 1350 2281 ’

249 2367 398 2450 Sistimr,
422 2375 458 2439 et
481 2371 594 2439 studio
618 2372 700 2458 quid
724 2370 864 2438 nunciet
889 2371 963 2456 ipsa
987 2368 1117 2436 sciendi

249 2477 425 2552 Ardebant
449 2497 576 2547 omnes.
602 2481 746 2565 Legitur
771 2480 860 2565 quod
886 2479 1030 2545 subdola
1053 2476 1165 2561 fingit.

249 2585 377 2672 Accipe
402 2586 582 2672 perfidiam
606 2591 793 2669 Gallorum,
817 2585 978 2672 conspice
1004 2604 1148 2671 morem,

249 2693 362 2777 Atque
386 2696 537 2778 modum,
560 2715 627 2780 quo
651 2715 712 2763 nos
735 2696 799 2761 ah!
826 2694 938 2760 Gallia
961 2712 1071 2779 prava
1094 2691 1228 2761 t‘et'ellit.

249 2801 321 2866 Non
345 2821 412 2887 ego
437 2802 553 2869 lethali
579 2807 625 2883 te,
649 2802 770 2885 Gallia,
793 2821 982 2888 persequor
1007 2800 1070 2881 ira,

249 2909 319 2976 Nec
343 2913 378 2975 te
402 2911 568 2994 devoveo,
592 2913 651 2976 scd
675 2910 765 2977 enim
790 2909 868 2995 pius
892 2909 1030 2994 ingemo
1055 2913 1184 2975 sortem

249 3018 324 3082 Heu
349 3021 464 3083 tecum
488 3017 676 3085 inunitem!
703 3017 828 3085 Vidisti
853 3018 993 3084 flumina
1016 3015 1104 3083 sacri

249 3125 316 3190 Per
339 3115 416 3190 tora
439 3143 570 3210 perque
595 3124 667 3190 vias
691 3145 878 3192 excurrere
903 3128 992 3192 flexa
1015 3123 1160 3197 cruoris,

249 3230 361 3315 Atque
386 3231 493 3298 oculis
517 3232 631 3298 defixa
656 3232 859 3312 tacentibus,
884 3232 1020 3317 imaque
1045 3232 1162 3307 corde,

249 3339 345 3414 Quod
368 3338 486 3423 gravis
509 3340 633 3406 horror
656 3339 742 3424 agit,
766 3340 928 3406 conitiens
952 3337 1111 3424 suspiria,
1135 3341 1281 3422 Regem,

209 3510 211 3514 .
248 3447 484 3531 Regalemque
509 3449 646 3514 domum
672 3452 779 3514 totam
804 3447 875 3513 sine
902 3447 1044 3514 crimine
1070 3444 1172 3512 morti

248 3557 449 3620 Damnatam
474 3554 580 3641 turpi,
604 3554 781 3640 impietate
808 3556 945 3623 furente
970 3560 1120 3634 tuorum,

249 3661 395 3728 Dessesti.
420 3663 447 3728 O
471 3666 616 3747 quantos
642 3661 749 3728 volvis
774 3666 823 3742 tu,
848 3665 1016 3748 Sequana,
1040 3664 1163 3728 fluctus

248 3767 421 3853 Sanguine
446 3773 658 3856 purpureos!
686 3769 799 3837 Vitrei
824 3790 889 3836 non
915 3770 1060 3856 amplius
1084 3768 1132 3835 illi

247 3877 436 3965 Praecipiti
460 3898 563 3946 cursu
586 3899 758 3966 persana
782 3879 921 3964 objecta
945 3882 1089 3946 fluentes

248 3988 317 4053 Lac
339 4005 502 4072 spumans
517 3987 673 4053 referunt
688 4009 694 4052 t
712 3986 848 4072 placido
865 3993 970 4073 atque
991 3987 1024 4052 in
1045 3985 1187 4070 gurgite
1205 3987 1337 4072 pallens

249 4095 441 4178 Argentum
466 4095 558 4160 haud
582 4093 754 4176 simulant,
779 4114 840 4162 noc
866 4094 1001 4162 roscida
1024 4094 1178 4161 cernitur
1202 4093 1276 4174 lriS,

249 4203 332 4268 Cum
356 4200 517 4286 quatiunt
540 4204 671 4298 cautes,
695 4205 729 4268 et
753 4220 827 4268 sese
851 4202 1034 4288 aspergine
1060 4203 1228 4288 fundunt3

249 4310 297 4375 Vt
320 4327 406 4393 quos
429 4307 589 4375 mittebat
613 4308 779 4375 scatebris
798 4308 874 4393 jam
899 4310 1045 4376 Volesus
1069 4313 1161 4375 ante.
