3382 5362
742 438 918 505 ..64-

311 584 469 670 Vndique
493 582 663 651 fertilibus
686 581 818 651 Cereris
842 582 1026 652 laetissime
1049 584 1208 672 campis?

312 697 447 763 Interea
471 694 570 759 Pluto
595 690 724 776 Stygiis
747 689 898 759 demittit
921 694 964 760 ab
990 693 1088 760 undis

312 803 445 887 Agrnen
469 799 670 888 spirituum:
695 803 841 867 Cunctas
864 800 1057 886 expromite
1082 800 1183 881 vlres,

310 912 385 988 Qua
408 912 506 996 petet
529 907 633 989 orbIS,
656 905 717 990 ait,
740 908 850 975 nullas
873 907 1021 975 omittite
1045 927 1178 991 causas,

310 1020 402 1096 Quae
427 1019 590 1104 poterunt
614 1015 720 1082 Gallis
744 1016 831 1082 belle
855 1033 1057 1084 succurrere
1083 1016 1219 1084 nostris,

309 1125 513 1195 Gontinuete
538 1123 623 1190 alies
648 1121 823 1190 hominum
848 1124 1047 1189 subvertere
1071 1128 1212 1205 mentes,

312 1236 358 1302 Vt
382 1232 495 1315 magis
517 1235 706 1314 accrescet,
731 1229 906 1314 congestis
931 1229 1071 1312 vlribuS,
1094 1229 1166 1317 ipsc

310 1342 495 1427 Napoleon,
517 1337 725 1422 subigatque
751 1335 834 1402 mihi
858 1336 1096 1418 validissimus,
1120 1339 1249 1419 orbem,

311 1448 456 1534 Depulso
480 1463 697 1531 quacumque
722 1448 825 1511 Jove:
850 1443 906 1510 ille
931 1442 964 1508 in
988 1442 1103 1511 sidera
1128 1449 1266 1529 regnet,

310 1553 343 1620 si
367 1554 462 1634 libet,
487 1558 522 1620 et
546 1551 634 1620 coeli
657 1549 815 1617 domiuus
837 1568 873 1618 se
893 1549 1008 1635 jactet
1031 1550 1065 1617 in
1090 1552 1190 1638 aula3

310 1664 395 1729 Nam
419 1663 514 1728 favet
538 1661 613 1746 ipse
636 1659 720 1741 dieo,
743 1657 840 1726 nobis
864 1661 1065 1744 mentesque
1089 1663 1246 1744 paratae,

309 1768 487 1855 Obsequiis
510 1774 635 1836 natura
658 1766 745 1834 meis
768 1784 857 1834 nunc
882 1766 985 1834 cedat
1009 1770 1047 1833 ut
1071 1765 1190 1836 omnis.

312 1876 399 1945 Hinc
422 1877 531 1963 agite,
554 1881 659 1962 atque
683 1873 780 1957 Duei,
803 1876 905 1943 mede
930 1891 971 1942 ne
995 1878 1191 1944 remoretur
1214 1877 1338 1960 eunde,

308 1986 401 2065 Quae
426 1988 572 2052 venture
596 1987 738 2051 manent
762 1981 879 2050 felicIa
903 1979 1043 2068 pandite
1067 1981 1159 2049 laeti.

313 2095 451 2161 Interea
475 2091 626 2175 iusidias,
648 2110 839 2177 caecosque
863 2090 977 2158 fovete
1001 2091 1182 2172 tumultus,

313 2202 425 2288 Atque
449 2200 557 2269 oculis
580 2219 697 2270 ceram
722 2199 893 2266 velamIna
917 2196 1048 2266 tendite
1072 2216 1206 2283 regum.

312 2307 366 2375 Sic
390 2307 451 2392 ait,
475 2312 510 2376 et
534 2326 645 2395 penna
669 2306 851 2374 discedunt
875 2310 1040 2392 praepete
1061 2303 1160 2390 jussi.

311 2416 382 2484 Non
407 2415 457 2482 itu
482 2433 691 2501 personuere
718 2412 838 2481 avibus
862 2410 1112 2498 Stymphalides
1136 2413 1247 2481 undae

316 2522 451 2590 Infestis
474 2521 628 2603 nimium,
652 2539 822 2607 generoso
847 2524 882 2587 et
906 2521 949 2586 ab
973 2520 1122 2587 Hercule
1145 2521 1263 2608 pulsis,

315 2634 450 2698 Intonat
475 2638 512 2697 ut
537 2627 678 2713 nigrans
701 2627 818 2696 fallaci
841 2627 907 2694 hee
931 2625 1069 2711 agmine
1094 2628 1240 2695 coelunt.

313 2743 452 2824 lamque
476 2739 628 2805 fremunt
652 2756 770 2818 aurae,
790 2736 950 2822 jactatur
974 2738 1009 2800 et
1033 2735 1103 2800 alte
1127 2753 1323 2821 cupressus

311 2849 556 2931 Arboreaeque
581 2864 701 2913 comae
727 2864 789 2930 per
813 2845 919 2928 longe
942 2841 1123 2910 cacumine
1146 2842 1271 2911 inentis

311 2953 415 3020 Sibile
438 2953 585 3037 remigio
610 2971 775 3020 excussae
800 2952 924 3019 inisere
948 2949 1071 3016 silenti.

312 3065 385 3127 ltux
409 3056 590 3128 anselmus
615 3067 691 3128 erat
715 3057 915 3127 sceleratior
940 3056 1107 3138 erunibus,
1130 3056 1203 3145 ipse

312 3168 517 3256 Napoleonis
540 3168 612 3235 adit
635 3168 791 3255 placidus
815 3165 967 3234 tentoria
990 3164 1066 3232 diri.

312 3280 502 3343 Humanam
526 3273 630 3343 sumit
653 3275 793 3357 faeiem,
815 3273 1021 3360 juvenisque
1045 3272 1163 3340 decori

315 3383 463 3452 Exhibet
485 3382 541 3450 ille
567 3386 743 3453 humeros:
769 3388 915 3467 argento
940 3400 1093 3466 aureque
1116 3382 1294 3467 refulgens

315 3491 453 3560 Casside
476 3492 624 3558 frontem
649 3496 761 3574 ornet,
786 3492 954 3575 laterique
978 3491 1216 3557 accommodat
1240 3509 1368 3574 ensem,

315 3606 408 3680 Quae
432 3602 584 3688 pendens
608 3602 739 3688 lapides
762 3601 834 3686 icit,
858 3600 1097 3687 crepitumque
1122 3600 1278 3670 remittit.

313 3715 351 3778 In
376 3730 438 3776 sue
462 3715 544 3776 tune
568 3713 744 3796 ltonapars
764 3709 930 3795 juvenem
955 3708 1105 3776 tentoria
1128 3709 1243 3776 ridens

315 3816 453 3903 Excipit
477 3815 645 3900 ignotum,
671 3821 706 3883 et
731 3816 912 3885 Miseretus
937 3817 1020 3883 telio
1042 3816 1152 3883 fatur:

315 3929 393 3991 Sum
419 3924 600 3991 Miseretus
623 3944 703 4009 ego,
726 3925 855 4009 Stygiis
880 3943 1039 4009 egressus
1062 3925 1105 3990 ab
1131 3923 1241 4007 undis

316 4034 374 4114 Vt,
399 4033 542 4098 Plutone
562 4031 722 4115 iubente,
742 4032 878 4118 juvem,
901 4034 1191 4117 rnemorarnlaque
1215 4051 1363 4120 semper,

313 4143 418 4224 Inque
443 4139 516 4206 dies
540 4142 683 4226 populos
708 4139 856 4207 victorie
880 4145 1015 4208 crescet
1039 4139 1074 4204 ln
1099 4159 1233 4228 ornnes,

316 4249 364 4313 Vt
388 4245 461 4328 tibi,
484 4266 572 4332 quae
597 4245 703 4314 tacite
728 4248 893 4314 claudunt
917 4245 1086 4316 velamine
1110 4248 1194 4329 feta,

313 4354 487 4430 Quantum
512 4351 546 4420 in
572 4373 626 4422 rne
651 4352 952 4439 fuerit,refera1n,
977 4359 1156 4442 postquam
1181 4354 1289 4423 Adria
1318 4375 1401 4426 casu
