3382 5362
754 378 934 444 -Qq-

321 523 408 600 Quid
431 526 467 591 to
491 523 707 609 conjugium,
730 546 808 593 eum
833 522 878 591 sis
901 523 1055 593 defessos
1078 526 1242 595 adulteri

321 630 477 698 Forsitan
502 633 588 700 llaec
611 636 775 719 spernent
794 630 943 717 juvenes
965 633 1008 697 ad
1034 632 1172 719 publica
1194 638 1308 719 natos

320 738 428 815 Quive
452 738 560 807 iniere
584 759 705 808 recens
729 739 912 823 regimen?
936 741 1096 826 exempla
1119 740 1324 826 sequentio:

320 848 404 912 Nam
429 848 520 912 mala
543 852 735 933 correpunt
759 847 918 931 exempla
941 846 1131 914 ‹lurneslica
1154 853 1263 917 natos,

320 954 407 1021 Hinc
431 952 534 1021 etiam
560 953 677 1021 videas
701 954 734 1019 in
760 951 911 1019 maxima
933 952 1079 1019 crimina
1103 955 1180 1022 labi.

320 1059 448 1129 Nobilis
472 1060 666 1146 etjurenis
690 1080 755 1127 non
780 1059 905 1139 dignus
928 1064 1021 1125 sorte
1044 1065 1202 1147 putator,

320 1168 360 1235 Ni
384 1173 504 1236 tenero
528 1187 667 1236 consens
691 1169 852 1254 exempla
875 1171 1040 1252 sequatur
1064 1170 1107 1235 ab
1131 1189 1258 1254 ungue.

319 1280 470 1362 Cumque
494 1280 591 1343 aetas
615 1276 762 1362 primum
788 1278 900 1342 l'ervot
923 1275 1157 1343 crescentibus
1180 1277 1289 1360 annis,

319 1384 481 1466 Pallidus
504 1390 694 1464 emunctis,
718 1382 879 1469 turpique
904 1381 1044 1450 libidine
1068 1388 1193 1452 nutans

319 1491 480 1576 Confugit
502 1492 546 1559 ad
570 1497 735 1572 scortum,
759 1490 847 1557 sitve
871 1488 1008 1577 Hippia,
1031 1490 1119 1558 sitve
1143 1494 1286 1561 Catulla.

318 1599 449 1668 Anxius
472 1599 550 1666 inde
576 1599 663 1686 petit
686 1599 887 1685 spectacula
912 1616 1038 1682 magna
1061 1599 1201 1684 theatri,

318 1707 390 1775 Illic
413 1712 449 1775 et
472 1706 626 1774 dominas
649 1705 739 1773 vitro
763 1704 996 1791 circumspicit
1020 1726 1148 1788 ornnes,

317 1815 351 1885 Si
375 1836 442 1903 qua
466 1814 530 1882 silai
553 1817 696 1883 ardores
720 1816 834 1881 valeat
856 1813 1033 1882 stimulare
1058 1817 1199 1883 salaces.

316 1927 441 1992 Postea
464 1926 499 1990 et
523 1921 692 1990 immiscet
715 1923 890 1990 revolutas
913 1928 989 1989 arte
1013 1922 1157 1990 choreas

315 2033 422 2099 Nocte
445 2031 508 2097 sub
532 2032 701 2110 extrema,
724 2035 759 2096 et
783 2027 937 2095 dominas
961 2038 1157 2097 remoratur
1180 2035 1334 2100 ovantes,

315 2139 397 2206 Inde
421 2139 559 2205 domum
584 2137 724 2224 repetit,
748 2141 860 2204 terras
884 2156 962 2203 cum
986 2138 1144 2205 Phoebus
1166 2137 1317 2222 inaurat,

314 2248 485 2331 {lassaque
508 2244 717 2331 coropositus
740 2244 876 2331 placido
901 2262 962 2310 sna
986 2247 1141 2312 nierubra
1163 2245 1268 2314 cubili

314 2353 443 2438 Surgit,
467 2372 545 2419 cum
571 2350 683 2419 medio
707 2354 761 2420 Sol
787 2357 839 2418 est
862 2351 1047 2417 altissimus
1071 2356 1164 2420 orbe.

313 2461 391 2528 Sive
416 2463 539 2528 vocent
563 2461 659 2542 leges
682 2458 843 2527 sulsellia
866 2465 985 2526 sancta
1009 2460 1182 2542 daturum,

313 2571 378 2637 Seu
403 2567 503 2634 laesis
526 2567 710 2633 statuenda
732 2566 821 2633 sient
845 2568 909 2633 hoo
930 2565 1051 2651 judice
1071 2567 1167 2651 jura,

312 2675 454 2762 Saepius
477 2694 499 2741 a
521 2694 639 2742 somno
665 2680 882 2759 mentemque
906 2676 1089 2760 oculosque
1114 2680 1300 2760 gravatum

312 2787 360 2849 Tu
385 2781 497 2849 cernis
520 2781 631 2849 noctis
656 2783 776 2847 lessam
801 2800 962 2867 spumare
987 2784 1207 2867 qualaestram.

312 2889 452 2958 Hiccine
475 2888 661 2976 suscipitur
685 2888 828 2974 regnis?
852 2900 1031 2956 veteresne
1055 2910 1117 2976 per
1141 2891 1224 2959 istas

311 2996 479 3065 Stultitias
502 2999 641 3065 fuerant
660 2996 809 3082 juvenes
832 2997 972 3083 impune
997 2999 1127 3083 vagati,

310 3103 373 3181 Qui
397 3109 513 3174 nostro
537 3104 684 3192 imperio
708 3106 850 3191 fastigia
873 3125 1005 3173 summa
1029 3107 1182 3176 dederet

310 3212 386 3279 Heu
410 3231 477 3281 non
501 3213 553 3280 his
576 3219 672 3282 certe
697 3214 912 3300 genitoribus
937 3217 1014 3281 orta
1034 3213 1201 3300 juventus

310 3317 461 3387 Bistonio
486 3322 664 3407 Aegaeum
688 3323 860 3409 (urendam
885 3340 980 3388 mare
1004 3323 1172 3408 sanguine
1191 3322 1305 3408 tinxit,

310 3425 536 3512 scaligerum,
561 3429 729 3513 Vlricum,
753 3429 879 3514 Syrios
903 3433 1120 3516 Graecosque
1145 3431 1281 3500 cecidit.

309 3534 460 3603 Mascula
483 3538 542 3604 sed
567 3539 681 3623 proles
705 3539 852 3605 durabat
876 3558 1023 3624 corpora
1047 3541 1211 3607 anhelans

309 3643 375 3710 Per
400 3643 516 3709 ludum
540 3644 684 3712 assiduis
708 3644 812 3713 remis
836 3665 898 3733 per
921 3646 1024 3714 litora
1048 3648 1191 3728 circum,

309 3753 464 3820 Venandi
491 3760 550 3822 aut
574 3755 706 3839 stmliis,
730 3757 892 3823 siinulans
917 3760 970 3824 vol
995 3760 1096 3840 bolla,
1120 3760 1273 3826 valentes

308 3863 454 3927 Fecerat
477 3881 675 3931 assuescens
698 3868 742 3932 ad
769 3865 900 3949 proelia
925 3886 1007 3932 vora
1032 3869 1189 3934 lacertos,

307 3969 483 4043 (lucrroodo
508 3976 687 4037 verterunt
713 3973 745 4037 in
770 3970 871 4056 peJus
895 3978 1054 4059 tempora
1079 3976 1210 4041 mores!

307 4072 393 4148 Quid
419 4094 484 4141 non
508 4079 577 4143 l'ert
601 4078 742 4164 delapsa
765 4076 857 4145 ‹liesl
885 4099 974 4148 iiuilc
998 4080 1104 4148 ellilrit
1128 4081 1191 4149 isle

307 4180 500 4266 Composito
525 4203 568 4250 ex
593 4183 687 4249 lituis
710 4204 839 4272 pravae
864 4207 954 4254 nova
977 4188 1143 4272 ‹loginata
1167 4189 1258 4257 vitae

307 4286 386 4357 Otia
408 4307 487 4357 nam
511 4310 612 4360 curas
635 4294 750 4362 l'orsan
774 4292 801 4359 si
825 4300 929 4379 grata
952 4295 1141 4381 remittant,
