3382 5362
647 360 825 427 -59-

216 505 333 573 Verba
356 505 460 591 domi,
483 506 621 572 fraudes
643 504 859 586 concinnent,
882 506 1025 573 foedera
1048 513 1214 593 pangant

218 612 303 690 Quid
327 612 447 680 statuit
470 614 512 680 de
536 613 588 679 his
611 612 815 694 admonitus,
838 613 896 699 qni
920 618 1032 682 morte
1056 622 1211 683 sacratas

217 723 283 788 Per
308 722 402 806 leges
425 721 540 808 plecti,
563 722 662 788 turca
685 727 745 786 ant
768 719 969 807 suspendier
992 723 1064 788 alta

218 830 300 895 Sunt
323 828 437 914 potius
461 832 555 896 tanto
579 828 740 895 maculati
765 827 907 894 crimine
932 828 1041 913 digni,

217 940 292 1022 lpse
316 937 485 1002 Senatus?
508 954 565 1003 eos
589 934 773 1003 clementia
798 934 914 1001 vivere
938 954 1040 1022 passa
1062 941 1115 1005 est

215 1044 315 1110 Falsa
338 1041 447 1109 nimis.
472 1045 601 1110 Coeunt
625 1042 775 1128 impune,
797 1040 948 1108 inhiante
972 1044 1107 1127 labello,

217 1148 365 1219 Concilio
389 1169 506 1217 coram
530 1169 592 1216 sua
615 1169 714 1217 sensa
737 1147 874 1235 reponit
897 1153 1054 1236 uterque,

217 1256 281 1334 Qui
304 1256 529 1342 confrigenda
552 1258 702 1324 funestat
725 1254 877 1340 imagine
901 1260 1053 1340 gentem,

217 1366 321 1432 Sensa
342 1363 480 1450 quidem
504 1363 639 1451 patriae
662 1364 794 1430 scelere
818 1361 973 1431 exitialia
996 1368 1099 1434 tecto.

216 1475 289 1550 Quo
312 1473 406 1557 leges
429 1470 558 1553 abiere,
580 1474 615 1538 et
638 1490 706 1556 quo
731 1469 928 1537 reverentia
951 1472 1080 1556 legum,

216 1581 305 1658 Quas
328 1583 464 1648 veteres
487 1582 639 1646 statuere
663 1576 723 1665 pii,
746 1596 835 1663 quae
858 1581 999 1664 pectore
1023 1581 1195 1665 quondam

219 1690 333 1773 Vsque
357 1688 562 1756 fovebantur
585 1685 709 1772 uigili?
732 1686 819 1772 proh
843 1688 1001 1772 tempora
1024 1687 1129 1755 moris

216 1794 375 1862 Discineti
399 1794 614 1861 miseranda!
641 1797 760 1860 Patres
783 1798 865 1860 tunc
888 1794 986 1860 triste
1009 1795 1189 1881 periclum,

216 1905 289 1981 Quo
312 1903 426 1970 fuerat
449 1906 592 1990 propter
615 1901 788 1988 sapientes
810 1901 918 1968 Adria
941 1900 1035 1970 diros

217 2013 360 2092 Obruta,
382 2014 560 2078 senserunt
582 2009 713 2097 perfusi
737 2010 844 2077 eorda
866 2009 1001 2079 timore.

217 2121 325 2188 Nocte
347 2120 410 2187 sub
433 2119 579 2186 obscura
601 2116 713 2202 quivis
735 2117 895 2185 convenit
919 2118 952 2184 in
976 2121 1103 2200 aulam,

218 2228 266 2295 Vt
288 2229 391 2313 queat
413 2228 546 2293 alterno
570 2227 671 2292 rebus
693 2244 895 2292 succurrere
920 2226 1015 2292 lassis
1108 2259 1111 2263 ·

219 2333 376 2416 Consilio,
399 2338 434 2402 et
457 2332 547 2401 tristi
570 2332 798 2401 medicamina
821 2335 913 2400 serre
938 2334 1058 2402 dolori.

220 2441 370 2528 Contigit
392 2441 427 2506 in
450 2441 571 2528 primis
594 2440 737 2507 Pisauro
760 2442 892 2507 solvere
916 2440 1082 2526 linguam,

217 2551 329 2636 Atque
353 2549 402 2616 ita
425 2550 516 2615 latus
540 2552 635 2615 erat:
661 2547 800 2624 Quoties
823 2549 995 2635 depellere
1019 2554 1132 2616 mente

218 2661 300 2724 Fert
323 2655 466 2736 animnS,
491 2658 642 2722 vestrum
665 2661 716 2722 est
740 2659 872 2723 tantum
896 2657 995 2723 finire
1020 2657 1188 2725 timorem.

191 2766 387 2852 ,Compede
412 2783 471 2831 vos
494 2763 596 2831 citius
620 2782 758 2845 nocuos
781 2783 866 2848 quos
890 2765 1040 2850 noscitis,
1063 2770 1159 2833 arcto

219 2875 288 2943 Hos
312 2871 436 2940 vincite
461 2870 572 2939 viros:
597 2890 683 2956 gens
706 2889 773 2938 non
797 2871 1001 2939 miserabilis
1024 2871 1100 2941 ista.

218 2983 331 3068 Atque
354 2998 440 3067 opus
462 2984 513 3047 est
536 2979 641 3046 armis
664 2980 839 3048 obstacula
862 2999 991 3066 ponere
1015 2981 1134 3063 firmis

218 3086 365 3158 Consilia
387 3091 426 3156 ut
449 3096 604 3175 pereant,
627 3086 728 3156 avido
752 3106 840 3173 quae
863 3090 968 3156 corde
993 3092 1124 3158 volutat

220 3194 387 3266 Effraenis
409 3200 583 3283 Bonapars
606 3194 806 3263 teterrima:
831 3197 975 3265 Creditis
997 3217 1086 3266 anne

220 3305 318 3374 Hunc
341 3323 480 3373 servare
505 3305 634 3370 fideml
658 3323 739 3370 num
762 3304 814 3370 sas
837 3303 975 3373 differre
999 3308 1165 3389 dolorem,

176 3439 179 3444 ·
220 3416 301 3482 Cum
326 3412 492 3482 ducturus
515 3411 580 3479 erit
603 3415 737 3479 nostras
760 3416 834 3480 tota
856 3413 997 3499 agmina
1020 3414 1054 3480 in
1079 3415 1206 3484 urbest

221 3517 269 3590 Sit
293 3523 426 3590 certum
452 3519 567 3588 vobis:
592 3518 626 3586 in
651 3539 712 3587 nos
735 3539 796 3587 sua
821 3521 949 3589 lumina
973 3522 1062 3607 figit,

220 3627 353 3716 Nosque
376 3628 464 3716 petit
487 3629 617 3695 solum:
642 3646 761 3697 saevos
784 3648 845 3697 nos
868 3631 1001 3698 cernier
1025 3633 1149 3699 hostes.

220 3737 295 3824 lpse
318 3736 382 3805 sibi
405 3739 538 3823 palmas
561 3740 677 3803 nostra
701 3742 885 3805 contexere
910 3740 1016 3805 caede

220 3843 263 3911 Et
286 3844 391 3925 fovet,
414 3848 517 3929 atque
541 3846 675 3911 studet:
701 3846 839 3912 fraudes
863 3850 898 3912 et
921 3852 1060 3914 nectere
1084 3851 1236 3927 cunctas,

221 3951 268 4017 Vt
292 3942 371 4018 rua't
394 3952 428 4017 in
452 3958 595 4033 nosmet,
618 3954 704 4019 ‹lnro
729 3953 902 4039 vinctique
926 3974 1125 4041 premamur

221 4056 378 4126 Servitia.
403 4061 455 4125 An
480 4062 628 4127 nondum
654 4061 870 4146 experientia
893 4063 994 4129 firma
1018 4063 1145 4130 retexit

221 4169 379 4234 lneautos
402 4169 544 4234 oculos?
568 4169 717 4235 nondum
741 4172 831 4254 quod
855 4170 1001 4255 contigit
1025 4171 1107 4257 ipsis

221 4273 376 4359 Regibus
400 4275 530 4357 ltaliae,
554 4295 614 4343 vos
637 4295 697 4343 vos
720 4277 901 4343 ‹letendere
925 4279 1071 4345 suadet?
