3368 5316
738 357 917 423 ,21-

307 504 469 593 Turpiter
492 507 675 574 haerentes
699 503 873 569 Gallorum
897 501 1049 569 moribus
1074 505 1214 572 Vrbem.

305 614 385 692 Quis
409 612 505 680 dabit
528 613 725 681 innumeras
748 609 894 694 linguas,
918 613 954 676 00
977 613 1098 697 pectus
1121 614 1284 695 ahenum,

306 724 379 799 Quo
404 739 566 805 magnam
590 721 642 786 fas
665 717 710 785 sit
733 734 898 786 concusso
923 717 1082 786 emittere
1106 721 1204 787 coelo

304 832 448 910 Vocem,
471 830 657 915 pravorum
681 825 844 892 claudant
867 842 909 890 ne
934 823 1062 893 oblivia
1084 845 1220 910 nomen,

306 939 461 1005 Dedecus
485 940 520 1003 et
544 934 656 1003 dicam
682 931 782 999 nullis
805 930 953 1027 delebile
975 932 1123 1000 saecltst

306 1047 391 1112 Nam
414 1044 509 1128 quid,
532 1045 614 1109 dum
638 1041 781 1108 miseros
804 1042 923 1124 spreta
947 1034 1075 1108 virtute
1100 1042 1272 1109 lacessunt

306 1153 458 1219 Monstra
480 1151 628 1217 scelesta
650 1147 826 1216 hominum
850 1149 984 1212 tantum
1011 1146 1207 1216 simulantia
1234 1151 1395 1234 formam,

307 1257 394 1335 Quid
417 1259 571 1326 celebres
596 1255 767 1343 probitate
793 1252 859 1319 viri
883 1254 1070 1338 deposcere
1095 1260 1248 1343 possuut,

175 1394 177 1400 ·
307 1365 347 1432 Ni
371 1355 492 1433 saltem
517 1368 556 1430 00
579 1366 721 1444 restent,
741 1361 859 1446 Justae
883 1359 1089 1447 pellentibus
1111 1362 1186 1431 irae

306 1472 494 1554 Fluctibus
517 1472 603 1539 haec
627 1469 750 1538 animis
774 1471 870 1536 luctu
893 1467 1059 1537 solamina
1081 1470 1233 1558 pressis?

305 1584 371 1649 Fas
395 1580 506 1649 odisse
531 1579 623 1645 viros
647 1579 789 1662 vulgato
813 1574 951 1644 nomine
974 1576 1111 1664 pravos,

307 1692 355 1758 Vt
379 1692 515 1771 caveat,
539 1689 651 1755 labem
675 1705 717 1753 00
742 1685 925 1753 contrahat
948 1683 1087 1770 integer
1111 1688 1227 1768 ullam,

307 1797 420 1882 Atque
445 1794 557 1880 magis
581 1795 784 1861 tribuendus
806 1793 923 1874 honos
947 1794 1127 1879 cultusque
1151 1795 1297 1882 pudicae

307 1902 466 1971 lustitiae
490 1901 600 1970 niteat
623 1900 727 1970 dubio
751 1919 818 1968 non
842 1897 969 1967 lumine
993 1900 1116 1968 clarus.

307 2010 464 2080 Forsitan
489 2009 648 2095 exquires
672 2029 734 2076 cur
756 2012 856 2104 tanta
878 2006 1011 2074 insania
1034 2014 1186 2077 mentem

307 2117 463 2187 Laeserit
485 2117 634 2198 illorum,
660 2115 807 2203 patriam
832 2115 891 2201 qui
914 2118 1062 2202 perdere
1086 2117 1239 2187 vellentl

308 2228 483 2304 Quomodo
507 2229 544 2293 et
567 2224 755 2312 Hesperiae
779 2225 924 2310 populos
947 2225 1166 2309 superaverit
1189 2243 1307 2292 omnes

309 2333 418 2421 lmpia
441 2352 528 2418 gens
550 2332 683 2418 rapide,
708 2332 867 2416 haudque
892 2330 1007 2398 obices
1030 2331 1202 2401 invenerit
1225 2332 1324 2416 ullos,

309 2441 372 2518 Qui
396 2440 487 2508 firmi
511 2445 649 2526 possent
673 2441 781 2507 undas
805 2457 926 2505 arcere
950 2437 1128 2507 minaces?
1221 2485 1223 2488 >

310 2551 440 2631 Nonne,
464 2548 552 2630 Itali,
575 2548 691 2614 timuit
713 2548 885 2633 quondam
909 2564 994 2630 quos
1017 2546 1120 2629 orbis,
1143 2546 1274 2615 iidem?

309 2655 410 2725 ltalia
433 2657 576 2724 excors!
603 2674 668 2723 ceu
691 2656 841 2721 nondum
865 2653 991 2720 satiata
1014 2653 1135 2722 1010000

310 2762 514 2851 Opprobrio‚
537 2761 677 2828 Eridani
701 2759 824 2828 saeclis
847 2779 926 2827 cum
949 2766 1107 2829 armenta
1131 2761 1292 2829 biberunt

310 2869 441 2938 Gallica
464 2889 571 2954 aquas
593 2868 757 2955 rudibus3
782 2867 919 2949 victrix,
942 2886 1004 2935 seu
1028 2869 1121 2936 victa
1143 2871 1306 2937 decorem

310 2981 376 3056 Cur
400 2981 500 3065 optas
525 2976 595 3059 vili,
619 2976 786 3044 meretrix
810 2981 849 3044 ut
871 2978 985 3059 foeda,
1010 2983 1183 3046 vetustum

310 3085 457 3154 Servitio
481 3086 621 3152 foedare
646 3084 800 3153 homines
824 3083 976 3152 blandita
999 3087 1187 3154 0001000001

309 3197 362 3260 An
386 3194 472 3261 latet
495 3191 631 3260 infamis
655 3196 764 3260 temet
786 3194 1036 3278 tenebrosaque
1059 3201 1166 3278 secta,

310 3303 404 3381 Quae
429 3299 685 3370 coementandis
709 3299 857 3368 desumit
881 3300 1018 3368 nomina
1042 3301 1160 3383 muris,

312 3411 487 3494 Quamque
512 3409 608 3476 foves
631 3410 748 3476 oeulos
771 3406 869 3492 segni
893 3409 1035 3495 perlusa
1058 3409 1226 3478 veternol

312 3517 400 3586 Huic
425 3521 477 3584 est
500 3502 678 3583 infandum
702 3514 835 3583 facinus
859 3517 975 3584 delere
999 3537 1063 3605 per
1087 3521 1205 3586 orbem

311 3623 513 3710 Relligionis
536 3641 623 3710 opus
646 3629 786 3708 gratum
811 3628 846 3691 et
868 3625 1056 3710 spectabile
1081 3626 1217 3709 Christi,
1272 3667 1276 3670 -

312 3735 524 3820 Sceptraque
548 3736 752 3799 cunctorum
777 3731 920 3818 pedibus
944 3734 1164 3819 contiingere
1188 3752 1324 3819 regum,

312 3839 424 3907 Altius
448 3844 482 3906 et
506 3839 673 3907 Libertati
697 3841 820 3907 aedem
845 3843 1012 3909 extollere
1036 3862 1183 3926 sacram,

312 3950 406 4024 Quae
430 3946 492 4014 tibi
516 3946 695 4014 servitium
718 3949 842 4015 durum
866 3947 1079 4016 immiserata
1101 3950 1239 4037 parabit

312 4054 494 4123 Artificum
518 4053 597 4122 hinc
620 4054 925 4123 instrumentorum
949 4057 1149 4142 aenigmata
1171 4061 1293 4127 solvas.

314 4162 424 4250 Impia
448 4167 543 4229 secta
566 4164 664 4244 haec,
687 4183 775 4249 quae
800 4169 911 4232 totum
935 4165 1058 4232 diffusa
1081 4186 1145 4253 per
1168 4171 1287 4237 orbem

312 4269 455 4355 Singula
478 4274 613 4339 secreto
637 4289 753 4339 secum
779 4272 1012 4341 communicat
1035 4279 1135 4344 aeta:
