3382 5362
899 378 1077 447 ...52-

467 525 617 598 Consulit
641 530 677 594 et
701 525 875 613 trepidans
899 524 1006 593 volvit
1030 529 1201 613 noctuque
1225 527 1349 614 dieque

466 638 552 704 Rem
577 639 717 715 tantam,
740 633 921 718 timuitque
946 631 1008 699 sibi
1033 633 1260 703 distentiore
1285 638 1414 703 latum:

467 745 562 810 Nune
585 742 708 809 horror
731 740 878 825 gelidus
902 739 1040 806 timidus
1065 760 1153 810 nune
1177 741 1317 808 conficit
1341 743 1454 808 ardor.

467 855 560 917 Inter
584 854 766 934 utrumque
790 851 907 914 labans
930 847 1036 914 satius
1059 848 1244 917 demittere
1268 853 1385 917 censet

467 960 526 1027 Ille
551 958 686 1040 Virum,
710 957 855 1043 egregio
880 956 998 1025 dieunt
1022 976 1123 1041 quem
1152 959 1286 1026 nomine
1311 962 1457 1040 lustum,

466 1067 529 1144 Qui
554 1066 764 1134 Chiliarelrus
786 1068 870 1132 erat.
895 1065 1070 1131 Gallorum
1095 1069 1207 1132 eastra
1230 1068 1401 1154 penetrat,

465 1176 578 1259 Atque
603 1172 685 1240 Duei
708 1175 891 1240 ardescens
917 1190 1019 1239 voees
1041 1172 1206 1258 persolvit
1230 1173 1366 1240 inanes:

466 1284 580 1349 Voces
602 1300 679 1346 nam
704 1279 846 1346 nimium
869 1278 1129 1346 inelementibus
1151 1278 1292 1346 auribus
1314 1281 1461 1346 haustas,

466 1392 612 1458 Curnam
636 1390 732 1455 tanta
755 1391 851 1453 tuum
875 1405 965 1454 nune
989 1391 1109 1473 peetus
1133 1386 1282 1455 eoncitat
1306 1386 1369 1468 ira,

467 1501 694 1587 induperator
717 1519 833 1567 ainans
857 1499 1045 1582 hominurn,
1069 1504 1104 1567 et
1127 1520 1212 1586 quos
1235 1498 1321 1567 diois
1343 1501 1485 1568 amaret

423 1673 427 1681 ,
466 1608 553 1686 Quid
577 1611 680 1695 eulpa
704 1607 977 1695 patriae-posses
1001 1627 1176 1694 opponere
1200 1608 1362 1675 nostrae?

467 1718 608 1804 Semper
631 1715 743 1784 aulica
767 1715 840 1797 tini,
863 1715 966 1782 Gallis
988 1720 1091 1800 atque
1115 1714 1222 1782 Adria
1244 1715 1355 1783 annea

467 1826 659 1911 Respuerat
683 1841 802 1891 causas
827 1821 921 1889 vobis
943 1822 1166 1909 stimulosque
1191 1821 1346 1890 nocendi.

466 1930 698 2016 Franeigenas
722 1949 807 2015 erga
831 1928 927 1996 nimii
950 1934 1109 2016 suspecta
1133 1928 1261 1997 favoris

467 2038 608 2107 Sustulit
631 2037 847 2105 nustriaedm
872 2035 974 2104 toties
997 2056 1110 2104 1111111
1135 2036 1208 2124 ipsa
1231 2037 1417 2123 querelam.

466 2146 621 2214 Forsitan
646 2146 711 2212 hoe
734 2144 769 2211 in
796 2163 855 2212 vos
879 2144 1037 2212 crimen?
1062 2147 1300 2232 quodcumque
1324 2143 1470 2231 petistis,

466 2256 527 2321 llla
550 2252 657 2334 dedit,
681 2251 844 2338 cogitque
871 2252 955 2319 alios
978 2238 1169 2321 concedere
1194 2252 1298 2320 vobis,

465 2360 620 2429 Forsitan
645 2365 680 2427 et
704 2359 837 2427 crimen
862 2365 978 2427 nostra
1001 2360 1035 2426 in
1060 2361 1182 2428 tellure
1205 2359 1339 2428 dedisse

465 2466 659 2554 Hospitium
685 2466 807 2534 Comiti
833 2466 994 2535 Lillensit
1018 2465 1098 2544 Quis
1122 2471 1226 2551 neget
1250 2485 1399 2553 unquam

464 2575 658 2664 Hospitium
684 2576 809 2643 inisero
834 2575 946 2663 patria
969 2578 1011 2642 de
1036 2577 1117 2643 sede
1141 2577 1304 2663 repulso?

465 2687 529 2752 Sed
554 2685 715 2751 simulare
740 2685 856 2751 voleus
880 2683 1013 2769 placide
1039 2683 1129 2750 inter
1155 2683 1235 2751 talia
1258 2685 1372 2750 satur:

466 2803 558 2866 Pone
583 2801 723 2865 metum.
749 2800 814 2865 Cur
839 2797 943 2865 hostis
967 2798 1060 2883 egel
1083 2796 1159 2882 quis
1182 2796 1311 2865 neseiat
1335 2814 1483 2881 unquam

465 2906 582 2974 Militis
605 2907 791 2972 effraenem
816 2909 978 2987 montem,
1002 2905 1169 2990 furtisque
1193 2904 1367 2972 dicatam?

466 3017 593 3082 Cuncta
616 3012 680 3079 sini
704 3012 873 3098 permittit
896 3032 1000 3079 avens
1024 3012 1140 3079 miles:
1166 3032 1229 3079 nee
1252 3029 1355 3079 avare

465 3120 517 3187 Nil
543 3119 623 3186 satis
647 3124 698 3187 est
721 3120 838 3187 cordi:
864 3122 977 3186 tamen
1003 3124 1040 3186 ut
1065 3119 1126 3186 11111
1150 3120 1242 3186 nulla
1264 3119 1426 3204 querelae

464 3232 571 3297 Causa
594 3227 648 3311 sit,
672 3232 709 3294 ut
733 3226 814 3294 tidei
837 3228 882 3293 sis
906 3231 1042 3295 nostrae
1067 3227 1233 3309 conscius
1257 3227 1326 3293 ulla
1402 3289 1403 3292 ,

465 3339 601 3421 Absque
627 3355 734 3417 mora,
754 3334 896 3421 jubeam
920 3335 1063 3403 Venetis
1087 3354 1129 3402 ne
1155 3336 1277 3401 damna
1300 3333 1467 3414 ferantur,

464 3442 694 3527 Militibusque
718 3442 804 3509 meis
827 3445 999 3530 imponam
1025 3447 1063 3510 ut
1086 3447 1186 3529 rapta
1208 3440 1397 3523 remittant,

465 3555 507 3618 nt
530 3552 662 3617 solvent
686 3549 808 3634 dignas
833 3553 928 3617 tanto
952 3570 1016 3637 pro
1040 3550 1184 3617 1111111111
1207 3567 1345 3636 poenas,

465 3660 572 3725 Crede
596 3656 691 3739 milii,
716 3657 894 3725 manifesta
918 3658 1014 3739 111111,
1038 3658 1268 3742 surdumque,
1292 3675 1357 3724 neo
1380 3657 1450 3724 ullo

464 3765 598 3832 Foedus
620 3763 792 3830 amicitiae
817 3768 969 3831 nostrum
994 3784 1142 3850 unquam
1169 3762 1307 3831 decidet
1330 3783 1427 3831 aevo.

465 3871 520 3939 Sio
542 3871 602 3952 ait,
626 3874 726 3937 etue
751 3871 833 3956 quid
858 3875 972 3937 lustus
997 3872 1107 3957 nitigis
1131 3890 1192 3939 ore
1217 3875 1382 3958 reponat:

464 3983 511 4045 lla
536 3978 689 4045 veniam:
716 3980 919 4046 extimulant
942 3997 1069 4046 olnae:
1096 3979 1274 4048 discedere
1299 3980 1350 4046 l'as
1374 3982 1436 4046 est.

465 4090 600 4153 Interea
623 4083 685 4153 siti
711 4084 758 4151 nil
782 4090 880 4153 11111
905 4085 1032 4153 misera
1056 4087 1172 4153 lldria.
1198 4089 1270 4164 Quo
1295 4091 1329 4154 te

464 4193 620 4279 Divitiae,
644 4198 679 4260 et
705 4193 824 4261 vitium
851 4198 1052 4263 traxerunt!
1078 4198 1168 4263 Eece
1193 4195 1361 4283 periclum

373 4339 376 4346 ·
464 4299 624 4369 Imminet
647 4289 785 4383 excidii,
810 4321 942 4384 111111,
965 4308 1000 4370 11
1024 4322 1128 4371 coeca
1152 4303 1290 4388 vagaris
