3382 5362
644 459 821 524 ...ffl-

212 600 325 686 Atque
350 601 456 669 etiarn
482 601 601 670 ltaliae
625 606 759 670 nostras
783 603 933 672 demittit
958 607 1002 670 ad
1026 607 1129 672 urbes

213 709 405 796 Intrepidos
430 713 623 793 bellatores,
643 711 859 797 juvenesque
884 714 1048 780 valentes

213 815 353 900 Histria,
376 822 411 885 et
435 818 601 903 Illyrium,
624 818 849 904 Eliadurnque
874 820 998 906 Epirus
1021 840 1189 906 equarurn

215 927 321 993 Terra
344 926 455 1010 ferax,
479 926 513 992 in
537 944 622 1011 quas
646 926 751 992 tantis
773 926 989 994 dorniuarnur
1013 931 1056 995 ab
1080 929 1195 997 annis:

212 1034 409 1118 Oquantos
432 1037 583 1118 Corcyra
606 1038 739 1119 potens,
763 1033 970 1120 Cephalenia
994 1036 1106 1119 tellus,

213 1142 292 1206 hlta
316 1141 464 1226 Cythera
489 1141 591 1223 viros,
615 1145 651 1208 et
674 1142 809 1209 Neritos
833 1145 944 1209 ardua
966 1143 1059 1210 saxis

211 1246 348 1315 Mittitis
370 1246 512 1328 auxilio,
535 1267 598 1315 nec
623 1268 689 1315 non
714 1249 853 1316 Laertia
876 1269 1004 1335 regna:

213 1354 320 1422 Mittis
344 1359 379 1422 et
403 1355 478 1442 ipsa
501 1358 578 1422 tuos
602 1356 707 1423 etianr
732 1376 913 1424 neruorosa
936 1358 1142 1442 Zacynthos:

215 1465 327 1530 Insula
349 1481 506 1548 quaeque
532 1466 608 1529 tuos
632 1468 775 1549 ponturn
800 1464 913 1550 posita
937 1464 1248 1550 interiorumque,

213 1575 274 1652 Tu,
297 1569 454 1656 quamvis
476 1589 543 1638 non
568 1572 694 1657 arnpla,
718 1574 797 1637 rata
819 1591 956 1656 quoque
980 1576 1081 1657 parte
1105 1571 1240 1639 dedisti.

213 1677 330 1745 Totius
353 1682 389 1744 et
412 1679 530 1744 classis
553 1679 751 1765 praefectus
776 1679 904 1745 Nauius
927 1680 1063 1765 arnplae

212 1788 356 1855 Sedulus
379 1787 532 1873 eligitur,
556 1807 624 1873 qua
648 1788 762 1855 nescio
788 1792 899 1856 morte
923 1791 1125 1875 peremptus

212 1896 331 1962 Paullo
354 1894 439 1962 heu!
465 1898 542 1981 post
566 1894 683 1977 luerit,
706 1894 777 1961 sive
802 1894 901 1961 illum
926 1895 999 1962 sata
1023 1896 1191 1976 tulissent,

213 2001 290 2071 Sive
314 2003 422 2083 dolus.
447 2007 584 2088 poterat
607 2003 742 2088 patriae
767 2002 850 2069 durn
875 2004 967 2070 l‘erre
992 2005 1149 2069 salutern.

213 2109 319 2177 Adria
343 2128 410 2175 non
433 2109 533 2177 t'elixl
559 2128 637 2197 spes
660 2109 800 2191 occidit,
824 2109 952 2177 occidit
976 2111 1103 2178 omnis:

214 2219 299 2285 Nam
322 2216 384 2284 tibi
408 2216 467 2302 qui
490 2220 654 2303 poterant
677 2217 770 2301 grati
795 2220 964 2304 praebere
989 2219 1144 2285 levamen

215 2327 415 2393 Occubuere
439 2324 584 2392 umbris:
611 2325 695 2392 obiit
720 2325 919 2392 llainerius:
946 2328 1049 2391 Ernus

214 2433 362 2515 Excidit,
385 2432 490 2519 ablue
513 2433 662 2499 animarn
686 2451 875 2518 generosus
899 2432 1078 2500 blernrnius
1102 2433 1189 2516 egit,

214 2543 258 2608 Et
280 2540 439 2608 cecidere
463 2560 591 2622 ornnes,
614 2559 699 2625 qrros
722 2543 849 2608 dellens
873 2539 945 2626 ipse
970 2543 1147 2607 recordor.

214 2649 369 2717 Pendere
393 2647 557 2715 militibus
580 2647 679 2734 pravi
704 2647 874 2735 stipendia
898 2647 1053 2734 inepturn

214 2759 335 2823 Munus
358 2758 435 2822 erat
458 2754 645 2836 Valaressi‚
667 2755 725 2840 qui
750 2756 916 2820 haerebat
939 2753 1072 2820 anricus

214 2861 448 2951 Francigenis
474 2861 507 2927 Si
532 2881 682 2946 unprarn
707 2861 772 2927 luit
796 2863 882 2928 haec
905 2860 1081 2927 sententia
1105 2880 1225 2941 verax,

213 2971 309 3048 Quod
333 2970 466 3038 soboles
490 2973 630 3054 patruni
655 2973 815 3035 naturam
841 2970 946 3035 corde
971 2971 1169 3052 sequantur,

215 3080 310 3145 Nunc
334 3096 451 3143 verarn
475 3076 548 3162 ipse
574 3075 686 3143 vides:
711 3075 837 3142 etenirn
863 3075 918 3142 hic
941 3095 963 3141 a
985 3075 1153 3159 sanguine
1177 3080 1293 3142 cretus

213 3187 381 3270 Corrupto
405 3184 530 3249 suerat.
555 3184 702 3249 Narrant
725 3185 846 3249 arnbae
871 3189 951 3248 acta
974 3182 1165 3263 colurnnae,

213 3295 306 3371 Quae
329 3294 477 3375 surgunt
500 3290 604 3356 Vrbis
627 3295 764 3357 nostrae
788 3309 897 3376 prope
921 3289 1002 3356 litus
1025 3292 1068 3355 ad
1093 3294 1207 3356 astra:

215 3401 274 3470 His
296 3403 412 3469 luerat
435 3398 557 3466 inediis
580 3402 678 3466 turca
702 3418 886 3486 suspensus
909 3399 943 3465 in
968 3404 1046 3465 atra

192 3491 353 3577 'infamis
375 3526 525 3595 proavus
548 3506 651 3573 simili
674 3507 882 3590 cognomine
907 3507 1031 3586 dictus,

214 3616 277 3695 oui
302 3618 454 3684 Venetas
478 3617 589 3697 urbes,
614 3614 750 3699 Pelopis
773 3634 858 3698 (luas
882 3613 992 3680 insula
1016 3612 1111 3679 dives

215 3722 429 3810 Complectit‚
453 3721 588 3808 patriae
613 3724 846 3788 venerandum
872 3740 995 3788 exosus
1017 3721 1182 3788 honorent

214 3836 368 3899 Foenore
393 3848 459 3896 non
483 3828 598 3895 tirnuit
621 3834 724 3914 pacto
749 3832 940 3896 concedere
966 3828 1095 3909 Turris,

214 3938 276 4017 Qui
300 3939 401 4005 simul
424 3938 553 4003 ultores
577 3936 716 4002 infando
740 3937 884 4003 crinrine
910 3936 994 4003 rnoti

215 4049 280 4114 Fas
303 4044 413 4114 odisse
437 4044 549 4110 virum
575 4048 726 4123 censent,
751 4051 786 4110 et
810 4046 961 4129 pendere
986 4061 1124 4128 peenas

216 4157 352 4221 Interea
375 4171 532 4218 nurnrnus
555 4154 691 4219 Veneta
715 4151 864 4236 suspirat
888 4151 921 4216 in
946 4170 1042 4231 arca,

214 4259 277 4337 oui
300 4258 396 4347 prius
418 4257 607 4342 ingluviem
632 4258 737 4325 Gallis
759 4259 942 4324 sedaverat
965 4276 1091 4324 aurern.

215 4366 411 4454 Surnptibus
436 4369 487 4433 est
511 4384 613 4451 opus:
638 4365 858 4452 anticipanda
881 4365 1005 4433 solutio
1030 4365 1165 4431 cunctis
