3382 5362
614 447 659 456 —
685 409 747 474 107
773 415 822 457 -4

191 555 353 637 Pessima,
377 572 486 640 prava
510 550 572 620 tibi
595 551 721 637 capita,
745 551 871 636 unguis
894 557 929 621 et
954 553 1106 637 horrida,
1131 574 1256 623 vanum

191 667 297 731 Omne
323 662 383 730 tibi
408 664 443 727 et
466 678 601 746 corpus.
626 658 793 743 Subigant
817 665 851 727 te
876 661 1025 728 foederis
1049 683 1147 729 arma

147 771 213 858 EJ‘a
236 771 362 838 iterum
387 772 533 852 Regum,
555 784 640 851 quos
663 770 759 834 tanto
784 770 907 836 robore
931 770 1043 836 claros

192 878 337 948 Delicias
360 874 477 962 populi
501 874 594 959 grati
613 879 821 942 venerentur
837 884 977 944 amatas.
994 916 1038 925 -
1054 881 1143 945 Fons
1159 877 1217 945 ubi
1235 917 1279 927 -

146 1028 190 1037 -—
213 989 337 1073 Atque,
360 983 419 1051 ubi
442 986 553 1049 torret
575 999 683 1065 aquas
706 980 804 1048 Titan
828 984 1004 1052 ardentior
1029 983 1113 1069 igni,

191 1095 314 1174 Insula,
338 1110 426 1177 quae
451 1088 555 1155 vastis
577 1092 726 1172 angusta
748 1089 899 1175 assurgit
921 1094 964 1159 ab
989 1091 1099 1180 undis,
1219 1141 1221 1144 ⁴

191 1206 294 1270 Sacra
318 1201 466 1266 Helenae
490 1194 676 1276 minimam,
700 1198 780 1262 dum
804 1215 871 1264 non
895 1197 1079 1267 suffecerat
1102 1198 1205 1280 orbiS,

190 1313 263 1379 Non
287 1303 473 1393 deploratis
496 1304 634 1370 tandem
659 1302 754 1370 dabit
777 1305 909 1373 ossibus
931 1326 1063 1373 urnam.

191 1418 245 1486 Sic
268 1418 355 1482 dura
378 1415 420 1480 de
446 1412 479 1477 vi
503 1413 604 1478 tellus
627 1411 737 1478 solata
760 1413 905 1495 levetur,

189 1527 302 1611 Atque
326 1523 386 1589 diu
409 1519 548 1587 tandem
572 1525 749 1605 composta
772 1539 858 1605 pace
882 1521 1046 1607 quiescat.

190 1633 244 1702 Sic
268 1631 318 1699 ait
342 1628 564 1714 Omnipotens
587 1628 696 1707 vultu,
719 1646 787 1712 quo
811 1633 937 1715 cuncta
960 1632 1109 1712 serenat,

190 1737 435 1827 componitque
460 1755 576 1802 mare:
602 1733 744 1803 unisono
764 1733 839 1820 jam
863 1756 1039 1805 murmure
1063 1736 1158 1804 Divi:

190 1852 277 1930 Fiat,
301 1846 527 1925 conclamant,
551 1843 612 1910 fiat
635 1842 755 1910 Divina
778 1847 945 1913 voluntas.

190 1962 283 2024 Tunc
302 1953 434 2040 junctis
458 1951 559 2021 citius
582 1951 713 2020 nebulis
737 1953 930 2021 occluditur
953 1956 1095 2022 aether:

190 2063 334 2131 Lumina
357 2061 539 2128 laeduntur
561 2058 683 2127 subitis
706 2080 870 2147 oppressa
893 2062 1055 2144 tenebris,

191 2174 279 2250 Quas
302 2169 492 2257 geminavit
515 2187 621 2253 equos
643 2166 853 2254 immergens
877 2190 1027 2256 aequore
1051 2170 1184 2256 Apollo

145 2320 189 2332 -
213 2283 301 2348 Fons
324 2277 380 2346 ubi
406 2278 607 2362 Bellaqueus
630 2278 806 2364 captivum
826 2277 908 2363 jure
932 2280 1077 2365 profano

191 2389 350 2455 Sanctum
375 2385 573 2453 Pontificem
599 2384 758 2471 reprimit
781 2405 842 2452 sua
861 2386 945 2472 jura
968 2390 1134 2465 tuentem,

191 2499 283 2572 Quae
307 2513 411 2580 snper
435 2494 529 2559 Vrbe
554 2496 648 2559 tenet
672 2497 791 2576 Roma,
817 2495 1010 2581 Regnisque
1035 2496 1182 2574 vetusta,

190 2605 281 2679 Quae
305 2599 471 2687 rapienda
493 2599 612 2685 cupis;
636 2599 705 2666 illic
730 2600 801 2668 illic
824 2603 899 2669 loco
924 2604 1044 2670 eodem

190 2709 331 2777 Vertice
356 2709 397 2774 de
421 2726 552 2774 summo
577 2709 670 2773 luteo
694 2709 782 2793 pede
806 2711 849 2775 ad
873 2711 991 2776 infima
1019 2712 1142 2796 lapsus

190 2820 264 2883 lam
288 2820 421 2882 mutata
445 2815 520 2880 vice
544 2813 722 2898 indignum
751 2816 924 2903 deponere
948 2837 1095 2903 regnum

190 2922 342 3009 Cogeris
365 2927 469 3008 atque
493 2921 593 2988 nimis
616 2922 791 3009 trepidans
814 2943 1002 3011 exposcere
1027 2925 1144 3002 vitam,

189 3036 296 3112 Quam
320 3032 478 3120 captivus
501 3051 586 3118 ages
610 3031 831 3117 vigilantibus
854 3034 1006 3104 hostibus
1029 3054 1148 3122 usque,

191 3143 321 3231 Exspes
345 3146 382 3210 ut
406 3141 468 3210 fias
490 3140 690 3227 reditusque
706 3142 880 3229 fugaeque
901 3145 1078 3213 novandae
1102 3145 1274 3230 -Atque

1149 3253 1207 3321 ubi
1231 3293 1275 3304 —-
