3382 5362
874 409 1052 475 ..94-

445 553 613 621 Obveniet
638 552 753 622 vobis:
780 556 953 622 Gallorum
979 551 1152 621 exereitus
1175 555 1284 621 onmis

446 661 643 730 Vindictam
668 662 797 748 repetit
822 661 955 746 ruagnis
979 661 1206 730 elamoribus:
1231 661 1326 730 illum

448 770 574 838 Nobilis
599 769 756 855 exagitat
781 769 942 853 vindicta,
966 790 1029 838 nee
1054 770 1106 836 ira
1129 769 1285 856 quiescit.

447 879 557 948 Proh!
584 877 702 964 agitur
728 882 880 947 Venetus
904 899 1073 964 generoso
1097 898 1192 947 ruore
1217 880 1372 963 Senatus,

448 986 598 1054 Perfidie
623 985 727 1053 tantis
751 986 848 1054 donis
872 988 1057 1073 respondet
1080 986 1225 1053 amara?

449 1095 577 1162 Abnuit
600 1096 749 1162 oblatam
774 1095 932 1181 componi
958 1097 1098 1163 loedere
1131 1112 1263 1179 pacem,

448 1205 495 1269 Vt
520 1204 611 1269 mala
634 1206 731 1269 tanta
755 1203 845 1270 ferat
869 1203 975 1283 nobis
1000 1206 1181 1287 versatque
1206 1205 1419 1286 prematque.

450 1310 548 1385 Haud
572 1327 659 1394 opus
683 1312 734 1375 est
758 1309 892 1375 verbis:
919 1309 952 1375 Si
978 1308 1081 1374 vultis
1104 1308 1204 1388 bella,
1227 1310 1382 1376 movebo.

450 1415 636 1499 Octoginta
661 1414 769 1481 virdm
794 1415 983 1482 certamine
1008 1414 1114 1480 millia
1138 1416 1246 1480 multo

450 1525 616 1609 Experta,
640 1515 872 1607 lionrifieoque'
894 1541 1069 1588 armorum
1094 1522 1245 1607 pondere
1270 1525 1413 1590 onustae

451 1630 534 1697 Sunt
560 1627 642 1695 mihi
667 1629 718 1697 bis
741 1631 850 1697 denae
874 1648 999 1696 naves:
1025 1628 1188 1695 alimenta
1212 1631 1346 1713 negabo

410 1815 412 1820 ,
449 1739 516 1805 Per
540 1756 648 1818 mare,
672 1755 735 1823 per
759 1742 881 1819 terras,
905 1741 1009 1823 atque
1033 1735 1208 1804 obsidione
1232 1739 1415 1822 superbam

450 1844 593 1929 Cingam
617 1847 749 1927 urbem,
773 1863 837 1914 neo
861 1844 929 1913 erit
952 1845 1035 1912 mihi
1059 1846 1110 1913 fas
1133 1843 1253 1913 audire
1277 1846 1456 1930 querelas:

450 1955 520 2024 Nec
545 1973 662 2021 mora:
687 1952 716 2019 si
739 1973 873 2040 pacem,
896 1953 1052 2040 quaesita
1075 1952 1267 2041 rependite,
1291 1953 1388 2022 dixit.

451 2065 600 2130 Donatus
623 2065 763 2131 contra:
789 2062 915 2130 Veneti
939 2062 1096 2149 quaesita
1119 2064 1322 2151 rependent,

450 2172 638 2239 Dummodo
659 2169 756 2257 justa
779 2170 882 2251 feras,
905 2189 970 2239 neo
993 2171 1060 2239 sint
1084 2174 1126 2241 de
1152 2190 1246 2239 more
1270 2173 1424 2239 molesta.

451 2280 496 2346 At
519 2277 679 2364 quoniam
704 2278 790 2346 haec
815 2279 934 2365 vulpes
959 2281 1091 2348 vairam
1116 2298 1181 2347 non
1205 2278 1322 2365 segnis
1345 2281 1388 2346 ad
1412 2283 1524 2347 artem

452 2385 559 2453 llleoti
584 2386 718 2470 legatos
741 2385 878 2472 trepida
902 2387 1083 2455 formidine
1107 2386 1223 2470 sensit,

450 2495 641 2581 Occultam,
665 2492 874 2579 tacitamque
899 2495 996 2563 fovet
1019 2515 1114 2583 spem
1138 2499 1280 2582 pectore
1304 2497 1467 2582 praedae,

453 2607 574 2671 Certus
597 2607 633 2671 et
656 2608 800 2671 eventus
823 2607 993 2690 petulanti
1020 2627 1102 2676 voce
1127 2608 1306 2694 profatur:

454 2715 504 2778 En
529 2730 605 2778 mea
628 2709 790 2778 consilia:
816 2716 868 2779 est
891 2720 1032 2782 actum:
1055 2716 1191 2800 legatus
1214 2715 1247 2780 in
1273 2716 1393 2781 urbem

454 2822 495 2887 Se
520 2820 623 2900 serat,
646 2821 682 2886 et
705 2823 853 2905 portam,
878 2823 1012 2888 Veneta
1036 2823 1222 2891 eomitante
1246 2822 1435 2914 cohorte-*4

453 2925 655 3010 Agminibus
679 2925 807 3008 multis
832 2927 956 2994 nostris
979 2929 1049 2996 cito
1072 2930 1191 3013 cingat
1215 2934 1250 2996 et
1273 2927 1388 2994 anuis.

453 3033 590 3115 Bellica,
613 3052 656 3099 ne
681 3053 798 3100 rursus
822 3037 939 3101 utetur
965 3035 1078 3103 villica
1102 3038 1216 3119 turba,

453 3143 644 3208 l'erlustret
668 3145 852 3225 tormenta,
876 3147 911 3209 et
935 3143 1041 3210 clavis
1066 3144 1151 3228 figat
1175 3141 1295 3208 acutis,

454 3249 550 3314 Anne
575 3252 676 3333 putas
700 3251 852 3316 Venetas
875 3255 1003 3316 memet
1026 3268 1091 3317 non
1117 3265 1258 3316 noscere
1283 3245 1399 3314 vires?

454 3357 551 3422 Haud
577 3356 674 3436 latet,
697 3355 835 3423 Adriaoi
861 3356 1018 3441 linquunt
1041 3355 1113 3423 sine
1139 3354 1245 3424 milite
1270 3359 1412 3424 cunctas

453 3465 576 3544 Vrbes,
599 3481 684 3546 quas
708 3467 883 3548 nequeunt
906 3462 1011 3529 armis
1035 3463 1220 3530 defendere
1245 3463 1362 3530 firmis.

453 3568 593 3636 Viribus
617 3571 701 3636 orla
725 3570 843 3655 aequb
866 3573 933 3636 Res
957 3571 1086 3656 pellere
1110 3569 1249 3657 publica
1273 3573 1381 3638 l'ortes

453 3680 697 3765 uraneigenas,
722 3683 934 3767 populosque
958 3699 1036 3748 suos
1060 3682 1178 3768 nequit
1202 3701 1331 3749 exuero
1356 3681 1470 3749 armis.

447 3791 528 3872 ,Huc
553 3807 619 3872 ego
644 3788 856 3873 perveniam,
880 3787 1022 3854 Venetis
1046 3789 1240 3857 nolentibus
1263 3789 1355 3876 ipsis

454 3896 617 3961 Aulbram
642 3899 677 3961 et
700 3914 798 3961 arma
821 3897 931 3975 teron,
954 3897 1074 3982 poenis
1098 3899 1248 3965 multabo
1272 3899 1429 3965 rebelles

454 4000 701 4087 Obsidibusque
727 4001 809 4067 mihi
833 4021 997 4069 caveam:
1022 4009 1205 4072 teneantur
1229 4005 1262 4069 iu
1286 4023 1388 4072 arce:

456 4107 555 4175 Vrbis
580 4113 768 4193 magnates
793 4108 939 4189 Erimus,
964 4112 1153 4198 llplsoopus
1177 4111 1261 4198 ipse,

452 4213 689 4299 llappliaejus
713 4215 946 4283 llinisohalehi
970 4216 1107 4300 fratres
1131 4218 1403 4305 Philiberusque,

453 4322 494 4384 ut
518 4323 714 4402 Garavotta,
738 4321 820 4388 toris
844 4325 957 4390 audax
981 4325 1051 4390 dux
1076 4325 1244 4392 Straticus
1267 4325 1382 4395 armis
