3382 5362
652 404 827 470 ..91-

123 631 124 634 η
224 551 355 616 Exutas
380 547 474 634 vulgi
500 552 686 634 BonaparS‚
710 545 826 632 nilque
851 568 923 616 esse
948 551 1090 620 timoris.

224 660 327 745 Apta,
349 659 410 723 sed
434 656 616 737 incassum,
640 653 734 721 veuit
758 657 956 741 praesentia
980 662 1134 743 Petrum,

223 767 314 841 Quos
339 766 438 832 modo
463 767 637 831 Veronam
661 762 868 848 Respublica
891 765 1033 835 miserat
1058 789 1178 854 aegra,

220 877 295 938 lras
318 876 357 939 ut
380 875 519 958 possent
542 870 717 936 Gallorum
741 871 881 939 flectere
905 872 1008 942 diras.

222 979 433 1047 iustinianus
457 980 565 1057 adest,
590 975 684 1043 venit
708 980 868 1061 Donatus,
893 985 928 1046 et
952 983 1073 1050 borum

222 1088 335 1156 Dulcis
359 1106 456 1154 amor
480 1084 615 1173 patriae
640 1086 787 1153 facundo
813 1086 950 1173 expirat
974 1093 1018 1157 ab
1042 1110 1113 1159 ore.

223 1195 371 1263 Advenit
395 1196 462 1262 huc
486 1197 671 1278 Bonapars,
696 1192 790 1259 venit
813 1198 849 1260 et
873 1197 1033 1283 Bopelius
1057 1187 1193 1283 audax,

222 1303 415 1385 Ballandus,
439 1300 565 1386 aliique
591 1303 699 1367 Duces
723 1319 766 1366 ex
791 1300 929 1385 agmine
954 1304 1053 1373 Galli.

222 1411 412 1481 Consedere
437 1414 546 1478 Duces
570 1407 675 1476 etiam
700 1409 905 1493 Caldognus,
929 1413 964 1478 et
988 1414 1098 1481 almus

221 1518 448 1607 Mappbaejus
468 1516 599 1603 junior,
623 1515 787 1583 Castellus
812 1520 847 1583 et
870 1535 951 1586 acer
976 1519 1009 1585 in
1034 1521 1149 1604 armis,

222 1627 284 1705 Qui
309 1628 393 1695 dare
417 1626 590 1693 debebant
613 1627 782 1690 armatam
808 1642 852 1691 ex
876 1626 1016 1696 foedere
1040 1632 1178 1717 pubem,

222 1736 353 1821 Quique
377 1735 563 1800 tuebantur
588 1733 749 1798 Veronae
769 1729 854 1815 jura
877 1735 1034 1804 labantis

222 1844 407 1926 Postquam
428 1837 503 1923 jam
528 1838 666 1904 fuerant
689 1834 818 1905 indicta
842 1837 978 1908 silentia
1001 1845 1147 1927 cunctis

221 1948 380 2033 Vndique
406 1943 584 2033 conspexit
608 1946 703 2012 luctu
726 1946 904 2014 confectus
928 1953 1053 2018 acerbo

223 2055 443 2138 Justinianus,
466 2073 563 2122 amor
586 2051 721 2139 patriae
745 2072 847 2138 quem
871 2061 1016 2125 coxerat
1039 2061 1174 2143 ardens,

225 2165 474 2249 intendensque
498 2164 618 2228 manus
641 2161 685 2226 ad
709 2159 843 2228 sidera:
869 2165 960 2231 Proh
985 2168 1084 2250 Deus,
1108 2153 1229 2254 inquit,

222 2275 270 2343 Ne
295 2273 424 2339 frustra
447 2269 565 2349 facito,
589 2287 609 2336 o
634 2271 694 2349 Tu,
717 2288 808 2337 nunc
832 2291 909 2338 mea
934 2277 1040 2342 verba
1063 2277 1256 2360 refundam,

223 2379 360 2470 Credita
384 2384 420 2444 at
444 2374 580 2461 egregii
605 2377 798 2460 persolvam
822 2397 967 2446 munera
990 2380 1085 2448 civis.

222 2490 274 2554 An
298 2506 420 2574 pacem
444 2489 585 2571 sperare
608 2482 702 2564 licet,
725 2482 752 2548 si
776 2491 902 2552 cuncta
926 2487 1050 2555 minari

222 2597 416 2685 Aspicimus
439 2592 581 2662 Venetis
605 2594 730 2660 bellum
755 2594 975 2663 miserabile?
999 2600 1173 2674 Quaenam

222 2711 328 2776 Sacra
352 2708 448 2786 fides,
472 2708 646 2789 Bonapars
669 2721 689 2768 o
714 2702 876 2786 maxime,
899 2707 1081 2775 habebitur
1105 2713 1282 2796 unquam?

221 2820 270 2883 Tu
296 2815 396 2883 modo
420 2810 631 2899 praesidium
656 2810 747 2877 visus
771 2812 974 2896 promittere
998 2815 1107 2899 nobie,

222 2924 357 2992 Foedus
380 2917 555 2988 amicitiae
579 2920 614 2984 et
634 2915 771 3001 jactas:
796 2920 943 2988 adversa
965 2927 1166 3009 sequuntur.

221 3032 413 3117 Argentum
439 3029 601 3110 Venetos,
625 3043 710 3110 quos
733 3043 823 3094 nunc
847 3028 1185 3118 agnoscisegenteS,

222 3136 374 3222 Viribus,
398 3140 502 3222 atque
527 3131 627 3201 minis
650 3131 772 3220 poscis.
796 3133 949 3204 Piscaria
973 3157 1083 3208 nonne

224 3246 359 3316 Vestris
381 3248 485 3332 capta
508 3241 606 3323 dolis,
629 3241 757 3309 lascivo
781 3243 817 3308 et
841 3243 949 3311 milite
973 3247 1117 3334 pressat

222 3355 339 3424 Nonne
363 3352 425 3420 tibi
449 3355 562 3418 tentas
585 3349 691 3417 etiam
714 3350 931 3435 submittere,
955 3357 1045 3423 Mela

223 3461 330 3540 Quam
356 3478 463 3548 prope
488 3459 674 3526 decurrens
699 3457 793 3525 tenui
816 3460 929 3527 sonitu
954 3463 1064 3546 alluit,
1087 3453 1256 3532 urbem?¹

223 3570 340 3638 Nonne
364 3572 509 3654 gemunt
532 3565 659 3633 Veneti
684 3568 858 3652 perclusos
882 3570 1053 3638 mercibus
1077 3590 1195 3641 omnes
1261 3561 1265 3564 ⁴

223 3675 343 3745 ltaliae
367 3679 499 3762 portus,
523 3672 631 3740 vetita
654 3676 690 3740 et
713 3676 922 3743 commercia
946 3677 1070 3745 terrisl

223 3790 383 3855 Veronae
408 3786 523 3851 clades
547 3787 680 3850 nostras
703 3784 863 3869 pervenit
888 3787 930 3853 ad
956 3807 1068 3870 aures,

224 3901 386 3965 Attamen
411 3901 446 3963 et
469 3898 628 3961 constans
652 3894 796 3977 animus,
819 3897 1023 3984 patiensque
1047 3897 1168 3985 pericli

224 4008 353 4072 ltamna
377 4004 468 4086 tulit,
491 4002 683 4089 pressitque
707 4002 789 4086 iras,
811 4009 989 4091 motasque
1014 3993 1216 4093 phalangas,

224 4111 330 4180 ,lussit
354 4115 389 4179 et
412 4111 565 4179 adversis
589 4112 752 4195 populum
777 4113 944 4180 desistere
968 4115 1011 4180 ab
1035 4113 1149 4180 armis.

225 4222 342 4287 Nonne
366 4219 462 4285 dedit
485 4237 641 4285 nummos
664 4219 759 4285 vebis
782 4220 1000 4305 poscentibus
1023 4221 1158 4305 usque?

226 4327 290 4396 Hic
314 4326 454 4414 pietatis
478 4327 609 4394 bonos?
632 4324 755 4410 dignas
779 4327 827 4394 sic
851 4330 985 4396 solvere
1009 4313 1129 4415 grates
1165 4327 1175 4336 ”
