3382 5362
706 419 885 486 ..75-

277 562 468 631 Consistum
489 563 654 648 Juvenem
679 561 821 630 castris:
846 566 996 632 tentoria
1020 569 1136 636 t'urtim

275 671 480 758 Napoleonis
504 672 576 738 adit
599 690 769 757 generoso
793 675 935 757 pectore
959 674 1078 742 firmus

275 783 406 848 Tollere
431 799 509 847 eum
534 780 640 861 ferro,
664 780 717 846 vel
742 784 860 846 certae
885 784 1090 852 occumbere
1115 786 1240 855 morti:

274 891 346 957 Non
370 887 428 954 illo
453 886 604 968 invento,
629 889 763 953 tantum
787 905 861 953 sors
884 887 1002 955 deficit
1026 910 1158 961 ausum.

274 999 371 1063 Hunc
394 996 505 1061 turem
530 995 699 1078 quaedam
725 992 870 1060 voluisse
896 996 1069 1065 abducere
1093 1002 1249 1070 credunt.

271 1106 360 1170 Ante
385 1106 615 1187 Bonapartem
639 1105 806 1182 statuunt,
829 1100 889 1185 qui
911 1113 1056 1172 venerat
1079 1106 1170 1175 illuc.

272 1214 362 1288 Quas
384 1209 513 1279 meruit
535 1208 637 1290 latro,
660 1209 719 1274 det
745 1226 872 1295 poenas
894 1209 1083 1297 improbus,
1106 1214 1227 1301 inquit.

271 1322 316 1387 At
340 1318 454 1405 capite
477 1315 535 1384 ille
559 1315 681 1397 minor,
705 1315 860 1383 manibus
884 1323 962 1404 post
985 1324 1088 1406 terga
1110 1322 1286 1407 revinctio,

273 1430 316 1494 Et
339 1425 496 1513 quamvis
519 1423 617 1492 miles
639 1426 752 1491 certet
775 1424 939 1494 deludere
967 1432 1081 1514 capto,

270 1534 408 1603 Talibus
431 1533 505 1620 ipse
530 1535 644 1599 tamen
669 1529 770 1599 dictis
793 1529 997 1602 dissolverat
1021 1555 1092 1604 ora.

270 1646 345 1712 Heu
369 1640 531 1729 quoniam
554 1638 684 1706 indicta
707 1656 811 1706 causa
835 1639 1065 1729 insuperabile
1090 1646 1199 1713 iatum

270 1754 325 1821 Me
349 1752 477 1832 manet,
500 1767 520 1816 0
544 1746 649 1815 liceat
672 1747 794 1815 saltem
817 1768 872 1816 me
895 1770 1056 1837 promere
1081 1773 1193 1823 voces

269 1863 341 1929 Non
366 1862 404 1927 ut
427 1855 552 1938 credis,
576 1875 642 1940 ego
667 1856 857 1942 culpandus
880 1859 1024 1945 crimine
1048 1862 1146 1945 furis,

270 1970 336 2038 Sed
359 1967 511 2036 studium
533 1964 730 2047 innocuum,
752 1965 909 2050 quamvis
931 1968 977 2035 sit
999 1968 1114 2054 inane,
1138 1969 1275 2039 videndi

268 2080 464 2146 (lastrorum
488 2075 635 2144 formam
658 2071 778 2155 traxit,
802 2077 1041 2162 tormentaque
1065 2078 1156 2148 belli.

268 2186 313 2252 At
335 2184 363 2252 si
388 2202 512 2272 pauca,
534 2185 631 2268 puta,
655 2179 843 2267 rapuissem
869 2183 970 2269 solue,
993 2184 1135 2254 inermis

269 2296 405 2379 Ergone
429 2293 592 2360 deberem
616 2289 718 2357 morli
741 2309 936 2377 supponere
959 2296 1110 2386 collum?

267 2405 370 2472 Latro
395 2400 568 2470 vocandus
592 2398 686 2482 egel
708 2416 856 2482 quonam
882 2405 919 2466 tu
943 2401 1080 2471 nomine
1104 2402 1236 2471 cunctis

268 2515 342 2598 lpse
368 2509 541 2577 vocandus
565 2505 644 2586 eris,
667 2504 723 2591 qui
750 2507 856 2573 multo
880 2509 987 2576 milite
1013 2513 1103 2579 totas

268 2620 379 2686 Vrbes
402 2616 548 2683 furando
573 2613 723 2680 lustras?
747 2614 952 2682 coelestibus
975 2622 1136 2704 aequant,

269 2726 620 2811 lnduperatoremque
645 2722 795 2788 vocantl
819 2740 839 2788 o
863 2722 995 2790 insama
1019 2725 1162 2792 mentis!

266 2835 411 2903 Auferte
434 2832 514 2900 hinc
537 2829 721 2910 hominem,
745 2833 920 2917 Bonapars
943 2831 994 2899 ira
1019 2833 1155 2901 excitus
1177 2832 1309 2922 inquit3

266 2944 378 3029 Atque
401 2939 517 3008 statim
542 2938 700 3025 petulans
722 2937 862 3005 claudat
885 2957 947 3006 sua
970 2941 1099 3008 lumina
1124 2952 1244 3010 morte.

265 3050 443 3138 Improbus
467 3065 549 3116 ecce
573 3043 690 3113 fremit
717 3063 814 3112 veras
837 3044 959 3114 audire
983 3050 1153 3133 querelas

265 3161 308 3226 Et
332 3159 388 3225 fur
411 3159 569 3225 naturam
594 3152 736 3220 metitur
760 3152 794 3218 in
819 3154 975 3223 omnibus
999 3176 1156 3243 aequam.

264 3264 551 3350 abstrahiturque
576 3260 690 3342 miser,
713 3280 903 3345 generosus
926 3263 1046 3332 mortis
1069 3267 1233 3333 acerbum

263 3370 449 3442 Discrimen
473 3369 617 3459 spernit,
640 3368 797 3437 convicia
820 3370 938 3438 militis
961 3376 1077 3442 aul'ert

268 3481 426 3550 Dulcibus
450 3482 486 3546 at
510 3477 643 3547 verbis:
668 3478 762 3554 Quae
786 3479 854 3560 len,
878 3484 939 3547 aut
958 3479 1043 3567 jura
1067 3483 1223 3551 revelant

266 3589 368 3657 Posse
392 3585 545 3656 homines
568 3584 696 3653 homini
721 3589 835 3652 tantas
858 3585 1021 3657 inducere
1046 3591 1196 3659 caedes?

265 3697 336 3765 Vos
359 3696 446 3764 bene
470 3693 621 3778 dejicitis
644 3712 747 3778 reges
770 3714 792 3760 a
814 3695 951 3762 sedibus
975 3697 1064 3781 altis,

264 3802 327 3880 (lui
351 3801 463 3871 saevis
486 3801 656 3869 hominem
681 3801 834 3888 imperiis
858 3803 1077 3873 dominantur
1100 3805 1134 3872 in
1159 3825 1306 3874 omnem.

262 3916 374 4000 Atque
398 3912 537 3999 quidem
562 3913 717 3999 (pudeat)
742 3915 855 3979 nullus
878 3917 921 3982 de
944 3917 1086 4000 regibus
1109 3922 1217 3999 extat,

263 4021 406 4087 Munera
428 4018 486 4105 qui
510 4018 604 4103 regis
628 4021 883 4103 quammaxima
907 4026 1080 4110 compleat
1103 4025 1226 4110 aequi:

262 4125 348 4201 Quin
374 4130 474 4212 pater
498 4125 531 4191 in
556 4127 700 4212 populos
724 4134 865 4196 exercet
885 4128 969 4213 jura
993 4132 1140 4217 tyranni.

263 4232 328 4299 Sed
354 4253 413 4301 vos
436 4232 658 4320 compedibus
682 4237 845 4302 mortales
868 4239 999 4304 solvitis
1023 4260 1160 4324 aegros

182 4428 187 4441 ยน
264 4340 334 4406 Vos
358 4339 462 4407 etiam
487 4343 598 4408 lucem
623 4342 768 4424 donatia,
792 4363 933 4412 carcere
958 4353 1092 4433 aperte,
