3382 5362
763 88 941 150 -.34-

330 238 423 301 Tunc
448 233 584 301 memini
611 253 786 300 resormsse.³
812 253 874 318 per
897 236 967 299 :dm
991 236 1169 300 cni-nmine
1196 236 1328 320 templi.

330 347 459 409 Cunctt
481 343 540 407 sed
566 343 754 408 incessum:
781 360 926 425 unumne
952 342 1162 408 immntdnle
1187 344 1319 408 Numen

330 450 493 518 l’meiixit
517 469 632 516 cusum
659 447 748 525 inis,
771 448 922 533 pnnnisn
951 468 984 515 er
1010 469 1123 515 mrum

331 560 536 624 Vmbrarum
563 572 695 642 petrem
720 557 902 621 tenebrosi
925 575 1107 643 erumpere
1132 559 1176 623 ab
1199 560 1302 625 orco.

330 664 555 747 francigenis
577 680 613 730 et
636 682 750 748 amem,
773 678 807 727 et
834 663 923 728 sires
946 666 1070 731 aberro
1095 680 1263 750 petentes.

330 777 465 841 Revera
487 773 628 838 &iterius
650 788 766 836 comes
789 768 975 836 indivulsns
998 773 1041 837 ab
1065 771 1142 853 iliis,

330 882 374 946 Et
397 899 497 964 mage
521 881 677 963 Cyrnneo
702 876 848 959 vigilans
871 876 1023 943 dictabat
1046 878 1177 944 amicus

329 991 486 1066 Cunctos,
509 1002 548 1052 nt
571 986 671 1052 tieret
694 1004 749 1050 res
772 984 895 1065 musta,
919 987 1115 1070 modosque,
1139 986 1280 1070 riespue

329 1096 423 1163 Illius
444 1093 573 1161 anxilio
596 1097 780 1178 Bompae,
803 1091 862 1176 qui
886 1094 975 1158 bella
998 1094 1155 1159 moreb‘tt

328 1201 491 1284 Nilicolis,
515 1201 607 1268 vitae
631 1210 666 1266 et
690 1198 840 1284 Memphi
864 1198 1062 1266 discrimine
1084 1218 1214 1286 pessus,

329 1309 487 1379 Cernitur
511 1307 708 1375 Austriacos
731 1324 895 1392 praesens
917 1307 1093 1390 configere
1117 1307 1205 1373 telis.

329 1418 422 1486 illius
443 1414 573 1484 auxilio
597 1413 729 1481 lttliam
752 1413 966 1500 peragravit,
989 1432 1024 1481 et
1047 1434 1132 1481 aura

328 1524 450 1594 Veloci
474 1523 577 1592 citius
598 1519 797 1607 subjecerat
818 1521 958 1606 agmine
982 1535 1103 1588 terras.

329 1637 466 1702 Interea
488 1629 641 1699 occurrit
663 1630 774 1696 laetus
798 1629 1013 1696 Landruxius
1036 1628 1097 1709 illi,

329 1741 435 1827 Cujus
457 1746 533 1808 erat
557 1757 679 1805 munus
701 1737 842 1824 profuso
865 1736 1015 1823 turpiter
1038 1755 1135 1819 auro,

330 1849 439 1931 (Quod
462 1846 567 1914 Gallis
590 1848 694 1913 Italos
716 1846 864 1912 debebat
888 1846 1033 1912 reddere
1057 1864 1191 1914 summo

328 1957 484 2022 Foenore
508 1953 646 2020 divitias
668 1952 791 2039 aridis)
816 1952 996 2037 verbisque
1019 1952 1174 2038 dolisque

329 2065 499 2143 incautos,
522 2061 731 2145 nimiumque
756 2062 859 2125 [telos
881 2068 1082 2145 pervertere
1107 2079 1240 2127 caecos

329 2172 569 2255 induperator,
592 2167 641 2233 ait
665 2186 773 2252 prere
797 2166 1012 2232 Landruxins
1035 2186 1107 2250 ore,

328 2280 468 2356 Cuncta,
492 2275 526 2341 in
550 2274 647 2359 queis
670 2288 826 2359 poten-,un
850 2292 1004 2359 sperare,
1028 2294 1094 2359 ego
1119 2275 1227 2341 cerda
1250 2274 1374 2358 coemi,

328 2386 369 2449 Et
393 2388 488 2450 certe
514 2381 644 2447 validos
666 2379 771 2446 armis
794 2380 958 2464 promitto
981 2382 1128 2448 favores

327 2495 401 2557 Jam
426 2489 522 2577 prius
546 2487 677 2553 Italiam
701 2485 828 2552 assidui
852 2488 1071 2555 lustravimus
1094 2507 1242 2571 omnem,

328 2597 487 2683 Vndique
512 2595 578 2661 iter
602 2594 714 2660 fausto
737 2591 948 2660 confecimus
971 2595 1084 2663 omine
1110 2594 1222 2662 missi:

328 2708 446 2791 Tuque
470 2702 542 2790 ipse
566 2712 730 2787 expertus
752 2719 819 2767 uon
844 2701 1035 2771 infelicibus
1056 2703 1171 2772 armis.

327 2815 379 2881 Ex
402 2809 479 2878 unis
502 2808 624 2891 victor,
647 2819 763 2876 certus
787 2809 937 2896 fideique
961 2812 1129 2898 relinquo,

327 2922 440 3006 Atque
462 2915 548 2986 alios
570 2916 669 2996 auec,
692 2932 829 3003 ceptem
853 2932 892 2985 ut
915 2937 1004 2987 nora
1027 2921 1133 2989 corda
1155 2919 1343 2988 ferentum.

328 3030 464 3106 Cautus
488 3023 544 3092 ubi
567 3038 725 3108 argento,
750 3023 907 3092 verbisne
932 3046 1070 3095 necesse
1094 3027 1225 3110 fuisset,

328 3130 512 3221 Perpendi‚
535 3149 671 3218 semper
695 3131 852 3199 donando
876 3152 1002 3219 percus
1024 3134 1059 3201 in
1082 3154 1178 3214 euro.

330 3239 410 3318 Quis
433 3258 500 3308 non
524 3237 559 3304 in
582 3239 710 3307 multos
733 3240 928 3308 exsolveret
951 3260 1012 3308 ora
1035 3242 1218 3310 cachinnos

296 3436 299 3441 ¹
329 3347 510 3414 Admirans
533 3348 683 3430 stultum,
707 3347 831 3413 nostris
855 3349 1067 3417 sermonibus
1090 3351 1230 3432 haustis

330 3454 437 3531 Quam
462 3453 602 3521 Ausonii
626 3454 792 3535 tribuere,
816 3456 945 3522 tidem?
968 3459 1063 3524 velut
1085 3458 1223 3542 agmine
1247 3458 1324 3526 fuso

328 3558 426 3629 mem
448 3582 512 3648 per
534 3582 618 3627 orso
640 3563 763 3627 ducem
788 3561 942 3645 seqnitur
967 3582 1072 3648 pecus
1094 3584 1177 3631 nera
1199 3563 1414 3649 agitantem:

328 3670 397 3736 Aut
422 3670 516 3736 velut
539 3689 727 3755 expensum
751 3668 942 3736 crocitante
966 3689 1030 3755 per
1052 3673 1195 3739 aethere
1217 3678 1332 3742 rostro

330 3777 443 3841 Turba
466 3796 592 3860 gruum
616 3777 770 3860 sequitur
793 3776 954 3842 comitem
980 3780 1068 3844 boue
1090 3781 1216 3862 sydera
1234 3799 1416 3884 quaerens,

333 3881 387 3949 Sic
411 3885 515 3950 Italus
538 3883 685 3949 trahitur
708 3884 876 3967 praebens
900 3883 954 3949 nic
980 3884 1120 3951 vocibus
1141 3906 1272 3954 aurem.

333 3989 515 4057 Tendimus
537 3991 580 4058 ad
605 3994 636 4057 V
639 4002 772 4057 enetun
795 3991 953 4077 properis
976 4010 1037 4060 uos
1060 3994 1235 4078 gressibus
1258 3997 1402 4083 Vrbem,

1547 3856 1575 3903 b
