3382 5362
741 411 919 477 ...27-

308 556 426 621 Bellua
450 573 513 620 nec
537 555 671 621 catulos
694 552 806 620 exesis
829 553 982 620 turribus
1006 553 1076 622 illic

308 664 502 744 Occuleret,
525 661 601 743 nisi,
625 663 790 746 despecta
813 665 988 744 gravitate
1013 663 1163 730 Pericles

309 772 469 839 Emollire
494 775 618 858 putans
642 789 766 849 rnoreS,
790 777 1031 857 corrumperet
1054 771 1132 838 inde

309 879 466 948 Forsitan
490 884 526 947 et
549 883 670 962 stares
694 897 830 964 semper
853 877 881 943 si
902 877 986 963 jura
1009 879 1161 964 Lycurgi

289 1049 291 1055 ,
309 988 434 1055 Sedula
456 1005 640 1067 servasses
663 983 820 1070 quamvis
842 986 910 1053 sint
933 1006 1069 1073 aspera,
1093 990 1236 1073 Sparte:

309 1099 426 1180 Tuque
450 1099 583 1181 potens,
607 1093 736 1159 victum
760 1097 892 1178 septem
917 1113 1005 1179 quae
1030 1114 1074 1161 err
1101 1095 1244 1162 collibus
1272 1096 1392 1161 orbem

309 1203 507 1289 Spectabas,
530 1204 651 1284 Roma,
674 1200 766 1266 elata
790 1199 852 1267 tibi
875 1201 989 1268 fronte
1013 1205 1207 1269 tumescens

309 1311 403 1379 Heu!
429 1309 626 1378 libertatern
649 1307 761 1375 subito
786 1307 989 1394 lacrymaris
1012 1315 1174 1393 amatam,

308 1420 391 1485 Cum
414 1436 541 1505 pravos
562 1414 681 1503 rapuit
704 1414 834 1483 furiosa
857 1414 998 1484 licentia
1021 1417 1126 1500 cives,

307 1524 513 1593 Ambitionis
536 1544 645 1606 amor,
668 1542 885 1590 nummorum
910 1528 946 1592 et
968 1545 1069 1593 sacra
1092 1525 1230 1612 cupide,

309 1636 352 1701 Et
375 1653 471 1701 mens
494 1631 635 1719 irrepsit
659 1650 764 1698 vanas
783 1629 948 1716 juvenilis
972 1633 1006 1699 in
1030 1639 1134 1716 artes,

309 1745 458 1829 Carpere
482 1739 623 1808 delicias
647 1740 773 1821 audax,
795 1741 1006 1826 spectacula,
1029 1743 1149 1823 fastus,

309 1849 479 1918 Luxurias
502 1851 633 1935 turpes,
656 1849 790 1915 vetulos
814 1852 848 1914 et
872 1852 1035 1934 spernere
1059 1868 1169 1917 sanos

310 1956 464 2026 Concidit
490 1954 678 2042 Imperium
702 1953 795 2022 vitiis
818 1957 1018 2025 rodentibus
1041 1960 1158 2025 altum.

309 2065 417 2133 Adria
440 2070 516 2154 erat
540 2063 633 2131 vitiis
652 2062 802 2149 jamjam
826 2065 964 2151 lapsura
990 2065 1144 2148 vetustis,

308 2172 492 2242 Debilitala
516 2174 620 2254 labat,
643 2173 819 2239 Gallorum
844 2179 879 2240 et
902 2173 1053 2240 concidit
1076 2173 1159 2242 ictu.

310 2280 435 2362 Qualis,
458 2299 559 2365 quem
584 2281 723 2346 morbus
748 2281 931 2347 vehemens
954 2280 1177 2366 oppresserit,
1200 2299 1319 2364 aeger,

310 2391 392 2455 Cum
418 2390 544 2455 lectum
569 2386 702 2471 linquit,
726 2405 842 2470 genua
866 2397 901 2453 et
925 2407 1005 2454 mox
1028 2407 1136 2455 curva
1161 2387 1333 2469 vacillant,
1408 2403 1412 2406 ·

310 2495 551 2579 lnvalidaeque
576 2513 636 2560 suo
660 2495 827 2578 languent
850 2494 884 2559 in
908 2509 1055 2580 corpore
1081 2495 1181 2562 vires,

309 2601 442 2671 Decidit
464 2603 499 2668 in
523 2607 665 2681 terram,
688 2601 716 2667 si
740 2601 835 2667 illum
860 2602 944 2668 levis
969 2608 1095 2687 urgeat
1119 2601 1217 2668 ictus.

310 2714 476 2796 Tempore
497 2709 573 2794 jam
598 2728 642 2776 ex
665 2709 735 2788 illo,
758 2728 825 2794 quo
850 2709 1007 2777 OEnotria
1030 2714 1196 2796 coeperat
1220 2728 1293 2775 esse

310 2817 418 2887 Obvia
441 2818 616 2885 Gallorum
641 2815 751 2898 furiiS,
774 2817 871 2901 queis
895 2819 1041 2903 perdere
1070 2823 1222 2885 nostram

309 2927 384 2994 Stat
407 2923 572 3007 Patriam,
595 2930 762 2993 revocant
785 2923 928 3007 animos,
955 2927 1112 3012 viresque
1138 2929 1303 2993 tacentes.

310 3036 379 3103 llos
401 3031 492 3100 inter
516 3031 670 3100 Julianus
694 3034 807 3118 Eques
830 3032 872 3100 de
897 3038 1002 3118 gente
1026 3036 1148 3119 togata

310 3140 521 3230 OpprobriiS,
545 3139 632 3208 odiis
654 3159 790 3227 quoque
815 3144 867 3208 tot
889 3159 953 3227 per
975 3143 1114 3210 saecula
1138 3141 1263 3227 dignus

309 3250 432 3317 Tentat
457 3248 553 3317 adire
578 3247 803 3336 Bonaepartis
826 3247 978 3316 tentoria
1001 3249 1106 3317 saevi.

310 3358 454 3443 Jamque
478 3356 572 3425 venit
595 3357 727 3444 patrios
751 3356 875 3425 oblitus
898 3362 1041 3444 pectore
1064 3374 1202 3425 sensus:

309 3467 407 3534 Hunc
431 3466 606 3552 Bonapars
629 3464 717 3533 ulnis
741 3464 900 3552 expansis
924 3465 1065 3553 excipit,
1088 3472 1193 3551 atque

311 3574 465 3642 Jucundo
491 3575 599 3655 vultu,
621 3571 790 3658 dictisque
813 3572 864 3639 ita
888 3574 980 3640 fatur
1004 3573 1144 3641 amicis:

310 3683 410 3750 Vnde
435 3680 555 3748 venis?
578 3681 661 3766 quid
686 3687 719 3747 te
745 3681 811 3746 huc
834 3681 954 3762 traxit,
977 3678 1171 3748 dulcissime
1196 3681 1316 3748 nobis?

311 3789 502 3875 Expectata
528 3789 625 3857 veni:
651 3789 729 3855 hinc
753 3808 911 3856 successu
937 3808 1104 3876 prospera
1127 3792 1278 3871 credam,

311 3899 356 3964 Te
384 3895 553 3979 veniente,
576 3897 660 3962 mini
685 3895 776 3963 l'elici
800 3897 893 3964 sata:
919 3899 1095 3979 recordor,

311 4006 356 4071 Te
380 4004 515 4088 quoties
540 4003 621 4086 vidi,
645 4004 742 4072 nobis
766 4004 879 4072 risisse
904 4006 1107 4084 llinervam,

311 4112 354 4176 Et
377 4110 477 4176 laetis
500 4114 645 4177 Martem
670 4116 803 4178 nosmet
827 4114 1018 4178 cumulasse
1043 4111 1235 4198 triumphis

312 4218 408 4285 Nunc
432 4237 498 4303 ego
523 4219 700 4285 committo
726 4238 888 4304 magnum
914 4239 992 4286 cum
1017 4223 1161 4286 Caesare
1187 4221 1325 4300 bellum,

312 4324 405 4392 Illius
429 4332 464 4392 et
487 4327 631 4413 populos
655 4346 676 4391 a
699 4327 786 4392 duro
810 4326 942 4393 solvere
963 4326 1083 4395 fraeno
