3382 5362
749 387 929 454 ..40-

316 535 406 601 l’roli
431 535 576 620 pudor!,
600 533 748 602 instituit
771 532 844 599 sine
869 530 977 597 milito
1002 531 1129 598 (lucere
1155 538 1294 599 sortem.

314 640 400 709 Hinc
425 645 476 708 est
500 642 611 728 prima
635 641 715 709 mali
740 643 845 720 laites
869 639 948 704 hinc
972 651 1070 705 certa
1092 637 1203 705 ruina.

316 750 441 818 Libera
463 771 563 818 sensa
588 752 681 833 mihi,
706 751 801 818 rolris
826 747 1038 815 firmissimus
1061 746 1213 833 inquam,

314 860 410 934 Quod
435 878 512 925 mea
535 858 734 945 suppeditat
758 876 853 924 mens
866 879 874 943 3
899 857 964 922 lien
990 854 1052 921 tibi
1076 875 1181 922 cansa
1204 858 1388 938 malorum,

316 966 484 1034 OPatria
508 966 639 1048 infelix,
662 967 752 1051 quod
778 984 876 1032 verso
901 982 997 1030 inore
1021 968 1203 1048 parentum

315 1074 428 1141 Dulcis
452 1095 548 1142 amor
573 1075 707 1161 patriae
732 1091 822 1141 nnnc
845 1073 937 1138 nullo
962 1069 995 1135 in
1020 1076 1163 1156 pectore
1187 1072 1321 1139 t‘ervet!

316 1185 359 1248 nt
381 1181 538 1268 graviter
561 1182 666 1250 timeo
690 1183 724 1248 in
751 1186 899 1248 mentem
923 1179 1074 1245 deducta
1097 1180 1280 1246 nefandam

315 1291 425 1357 Corda
449 1292 664 1373 Senatorum,
687 1292 802 1357 suerat
825 1286 922 1373 queis
945 1288 1059 1352 lumen
1083 1287 1296 1373 ademptum,

316 1400 472 1487 Quosque
497 1400 594 1465 dolus
618 1397 745 1485 rapuit,
770 1396 939 1463 t‘acnndac
964 1398 999 1460 et
1022 1393 1139 1477 gratia
1163 1396 1314 1479 liuguae.

316 1507 424 1573 Multa
446 1525 581 1592 quoque
606 1525 666 1573 ore
690 1504 783 1592 loqui
806 1502 990 1591 cupiebat:
1016 1502 1110 1568 venit
1134 1502 1167 1569 in
1195 1504 1311 1569 aulam

317 1613 467 1681 Nuncins
490 1633 531 1682 en
556 1632 745 1701 praeceps:
770 1613 926 1680 defertur
950 1610 1096 1696 epistola
1121 1610 1219 1678 multi

317 1724 391 1788 Heu
415 1720 556 1788 nimium
581 1740 752 1808 praesaga
775 1721 857 1787 mali
881 1722 1066 1804 caedisque
1091 1718 1249 1796 suturae!

317 1833 413 1901 Hanc
437 1850 594 1899 moerens
617 1832 804 1900 demiserat
828 1834 1004 1902 Octolinus
1028 1835 1070 1901 ad
1096 1832 1198 1919 ipsoS,

317 1939 419 2018 Queis
442 1941 604 2008 mandata
627 1939 693 2008 suit
717 1941 832 2008 Sancti
851 1940 927 2026 jam
952 1962 1037 2011 cura
1061 1943 1214 2009 Senatus

318 2051 411 2116 Tune
434 2048 548 2116 subito
572 2052 720 2133 snrgunt
743 2048 853 2135 epulis
877 2050 1068 2137 mensisque
1093 2046 1247 2129 remotis,

316 2156 558 2241 Praedicitque
583 2155 727 2238 animus
750 2157 841 2242 quod
865 2157 1011 2243 epistola
1034 2156 1160 2225 nuncia
1184 2153 1267 2222 tetri

316 2267 447 2332 Afforet
471 2264 545 2350 ipsa
569 2264 670 2330 mali:
695 2283 804 2350 pavor
827 2264 950 2332 intima
973 2268 1079 2336 corda
1102 2267 1263 2351 pererrat

316 2373 539 2458 Pisauroqne,
562 2372 706 2458 illisque,
730 2373 796 2439 fnit
819 2373 916 2458 queis
939 2375 1091 2440 maxima
1114 2392 1199 2440 cura

317 2482 620 2562 Innocuasurbes,
644 2481 860 2566 patriamque
885 2500 906 2546 a
929 2481 1072 2548 crimine
1097 2482 1197 2547 foedo

202 2591 208 2598 ’
317 2592 456 2657 Solvere
480 2588 744 2673 Francigennm.
769 2593 844 2655 lam
870 2594 951 2656 tunc
974 2588 1176 2676 incoeperat
1199 2589 1297 2668 liora,

277 2748 280 2752 Α
306 2699 463 2782 ,Lampas
486 2715 564 2762 (zum
588 2695 698 2763 noctis
722 2715 844 2772 caecas
867 2695 1021 2763 illuserat
1045 2698 1193 2779 iirnliras,

317 2807 429 2888 Atque
455 2802 580 2870 viatori
604 2802 763 2887 signabat
787 2803 914 2870 lumine
938 2805 1052 2870 calles

316 2914 454 2997 Absque
479 2930 576 2978 mora
599 2914 785 2996 augustum
809 2910 926 2978 cieunt
949 2930 1152 2998 sacrumque
1178 2912 1350 2978 Senatum.

318 3019 529 3088 Rescindunt
556 3019 749 3107 trepidante
773 3038 889 3102 manu,
911 3039 980 3106 qua
1004 3022 1056 3088 est
1080 3019 1202 3102 obsita,
1226 3037 1355 3102 ceram,

317 3126 453 3196 Emicat
476 3131 580 3212 atque
606 3127 713 3197 oculis
736 3146 948 3214 cognoscere
972 3128 1124 3216 quisquis
1148 3128 1279 3199 anhelis

316 3237 407 3314 Quas
431 3240 533 3322 gerat
557 3235 615 3303 illa
640 3235 765 3304 minas:
791 3237 979 3323 quantisit
1003 3239 1128 3307 nuncia
1152 3240 1274 3307 luctus

318 3344 394 3413 Heu
418 3349 565 3431 quantus
590 3346 712 3433 pallor,
736 3366 814 3414 cum
839 3346 922 3414 talia
947 3346 1049 3415 litera
1072 3350 1185 3416 tatur!

319 3450 413 3530 Quae
429 3471 531 3535 nunc,
548 3472 568 3520 o
585 3456 718 3536 Patres
734 3472 823 3539 quae
840 3473 929 3522 nunc
946 3462 1165 3543 mentemque
1182 3456 1402 3544 animumque

320 3561 387 3629 Res
410 3558 551 3628 infanda
575 3560 658 3629 mihi
683 3562 846 3645 obvolvit,
870 3563 1099 3650 lacrymisque
1124 3567 1276 3634 refundit

320 3668 428 3738 Nocte
453 3669 577 3755 dieque
602 3671 729 3755 genas!
757 3671 856 3754 Galli,
880 3691 966 3757 gens
990 3673 1056 3740 ista
1079 3679 1228 3762 superba
1348 3663 1350 3667 ¹

320 3778 503 3844 Pulchram
528 3778 669 3863 stringit
693 3781 805 3848 adhuc
830 3784 972 3864 Vrbem,
996 3782 1052 3849 cni
1076 3786 1217 3851 llantua
1240 3804 1374 3855 nomen.
1407 3835 1410 3840 -

322 3883 444 3953 Omnia
469 3891 659 3970 tentantur,
682 3888 819 3969 silssiirnet
843 3894 880 3956 ut
904 3891 1044 3957 Mantua
1068 3895 1180 3960 cedat.

321 3991 480 4061 Imminet
503 4013 679 4063 armorum
704 3996 838 4063 rabies:
860 3997 935 4082 Jam
960 4000 1113 4084 pertidus
1136 4005 1239 4070 urbes

321 4102 406 4169 Vult
430 4105 614 4187 penetrare
639 4105 713 4171 fero
738 4108 913 4191 Bonapars
936 4126 1014 4174 cum
1039 4110 1146 4177 milite
1171 4117 1315 4179 nostras

323 4209 484 4294 Eloquar,
507 4230 549 4277 an
574 4207 719 4278 sileam?
742 4212 840 4280 miles
864 4232 953 4281 nunc
976 4215 1078 4284 irruit
1103 4223 1192 4301 ater,

323 4320 530 4404 Bergomum
556 4323 591 4388 et
616 4323 789 4389 excelsum
815 4321 951 4390 violatis
970 4323 1108 4409 J'uribus
1131 4348 1213 4396 acer
