<?xml version="1.0" encoding="UTF-8"?>
<!DOCTYPE html PUBLIC "-//W3C//DTD XHTML 1.0 Transitional//EN"
    "http://www.w3.org/TR/xhtml1/DTD/xhtml1-transitional.dtd">
<html xmlns="http://www.w3.org/1999/xhtml" xml:lang="en" lang="en">
 <head>
  <title>
</title>
<meta http-equiv="Content-Type" content="text/html;charset=utf-8" />
  <meta name='ocr-system' content='tesseract 3.04.00' />
  <meta name='ocr-capabilities' content='ocr_page ocr_carea ocr_par ocr_line ocrx_word'/>
</head>
<body>
  <div class='ocr_page' id='page_1' title='image "adriades00pasigoog_0080.png"; bbox 0 0 3382 5362; ppageno 0'>
   <div class='ocr_carea' id='block_1_1' title="bbox 671 356 850 420">
    <p class='ocr_par' dir='ltr' id='par_1_1' title="bbox 671 356 850 420">
     <span class='ocr_line' id='line_1_1' title="bbox 671 356 850 420; baseline -0.006 -14"><span class='ocrx_word' id='word_1_1' title='bbox 671 356 850 420; x_wconf 59' lang='lat'><strong>..71-</strong></span> 
     </span>
    </p>
   </div>
   <div class='ocr_carea' id='block_1_2' title="bbox 103 501 1302 4373">
    <p class='ocr_par' dir='ltr' id='par_1_2' title="bbox 238 501 1302 1019">
     <span class='ocr_line' id='line_1_2' title="bbox 243 501 1140 586; baseline 0.003 -18"><span class='ocrx_word' id='word_1_2' title='bbox 243 502 302 569; x_wconf 89' lang='lat' dir='ltr'>llle</span> <span class='ocrx_word' id='word_1_3' title='bbox 326 501 421 569; x_wconf 83' lang='lat' dir='ltr'>focos</span> <span class='ocrx_word' id='word_1_4' title='bbox 444 505 593 569; x_wconf 80' lang='lat' dir='ltr'>carbone</span> <span class='ocrx_word' id='word_1_5' title='bbox 617 504 749 581; x_wconf 87' lang='lat' dir='ltr'>onerat,</span> <span class='ocrx_word' id='word_1_6' title='bbox 774 503 954 586; x_wconf 87' lang='lat' dir='ltr'>vastosque</span> <span class='ocrx_word' id='word_1_7' title='bbox 978 502 1140 572; x_wconf 86' lang='lat' dir='ltr'>caminos</span> 
     </span>
     <span class='ocr_line' id='line_1_3' title="bbox 241 606 1034 695; baseline 0.001 -19"><span class='ocrx_word' id='word_1_8' title='bbox 241 612 366 676; x_wconf 85' lang='lat' dir='ltr'>Omnes</span> <span class='ocrx_word' id='word_1_9' title='bbox 389 609 591 676; x_wconf 89' lang='lat' dir='ltr'>incumbunt</span> <span class='ocrx_word' id='word_1_10' title='bbox 614 607 723 695; x_wconf 90' lang='lat' dir='ltr'>operi,</span> <span class='ocrx_word' id='word_1_11' title='bbox 746 606 805 694; x_wconf 94' lang='lat' dir='ltr'>qui</span> <span class='ocrx_word' id='word_1_12' title='bbox 830 607 959 676; x_wconf 91' lang='lat' dir='ltr'>viribus</span> <span class='ocrx_word' id='word_1_13' title='bbox 982 610 1034 677; x_wconf 90' lang='lat' dir='ltr'>usi</span> 
     </span>
     <span class='ocr_line' id='line_1_4' title="bbox 240 715 1302 804; baseline 0.005 -21"><span class='ocrx_word' id='word_1_14' title='bbox 240 715 489 803; x_wconf 77' lang='lat' dir='ltr'>Praecipitant,</span> <span class='ocrx_word' id='word_1_15' title='bbox 512 720 759 801; x_wconf 89' lang='lat' dir='ltr'>removentque</span> <span class='ocrx_word' id='word_1_16' title='bbox 783 734 918 784; x_wconf 86' lang='lat' dir='ltr'>moras:</span> <span class='ocrx_word' id='word_1_17' title='bbox 942 737 1024 804; x_wconf 92' lang='lat' dir='ltr'>pars</span> <span class='ocrx_word' id='word_1_18' title='bbox 1047 719 1185 786; x_wconf 82' lang='lat' dir='ltr'>follibus</span> <span class='ocrx_word' id='word_1_19' title='bbox 1199 739 1302 788; x_wconf 88' lang='lat' dir='ltr'>auras</span> 
     </span>
     <span class='ocr_line' id='line_1_5' title="bbox 238 823 1190 911; baseline 0.004 -20"><span class='ocrx_word' id='word_1_20' title='bbox 238 824 433 911; x_wconf 83' lang='lat' dir='ltr'>Accipiunt,</span> <span class='ocrx_word' id='word_1_21' title='bbox 456 824 684 910; x_wconf 77' lang='lat' dir='ltr'>redduntque,</span> <span class='ocrx_word' id='word_1_22' title='bbox 707 823 801 891; x_wconf 86' lang='lat' dir='ltr'>cient</span> <span class='ocrx_word' id='word_1_23' title='bbox 825 827 860 890; x_wconf 92' lang='lat' dir='ltr'>et</span> <span class='ocrx_word' id='word_1_24' title='bbox 882 824 1002 893; x_wconf 82' lang='lat' dir='ltr'>fomite</span> <span class='ocrx_word' id='word_1_25' title='bbox 1018 827 1190 908; x_wconf 50' lang='lat' dir='ltr'>,flammas</span> 
     </span>
     <span class='ocr_line' id='line_1_6' title="bbox 239 932 1100 1019; baseline 0.001 -19"><span class='ocrx_word' id='word_1_26' title='bbox 239 936 377 1001; x_wconf 88' lang='lat' dir='ltr'>AEstuat</span> <span class='ocrx_word' id='word_1_27' title='bbox 401 936 436 999; x_wconf 92' lang='lat' dir='ltr'>et</span> <span class='ocrx_word' id='word_1_28' title='bbox 458 933 594 1014; x_wconf 82' lang='lat' dir='ltr'>forna-x,</span> <span class='ocrx_word' id='word_1_29' title='bbox 617 951 740 998; x_wconf 89' lang='lat' dir='ltr'>aurum</span> <span class='ocrx_word' id='word_1_30' title='bbox 765 932 905 999; x_wconf 84' lang='lat' dir='ltr'>fornace</span> <span class='ocrx_word' id='word_1_31' title='bbox 930 932 1100 1019; x_wconf 85' lang='lat' dir='ltr'>liquescit,</span> 
     </span>
    </p>

    <p class='ocr_par' dir='ltr' id='par_1_3' title="bbox 103 1038 1205 1563">
     <span class='ocr_line' id='line_1_7' title="bbox 103 1038 1149 1124; baseline 0.007 -21"><span class='ocrx_word' id='word_1_32' title='bbox 103 1097 105 1103; x_wconf 28' lang='lat' dir='ltr'>s</span> <span class='ocrx_word' id='word_1_33' title='bbox 238 1041 407 1110; x_wconf 85' lang='lat' dir='ltr'>Redditur</span> <span class='ocrx_word' id='word_1_34' title='bbox 431 1039 465 1105; x_wconf 92' lang='lat' dir='ltr'>in</span> <span class='ocrx_word' id='word_1_35' title='bbox 489 1039 628 1124; x_wconf 80' lang='lat' dir='ltr'>virgas:</span> <span class='ocrx_word' id='word_1_36' title='bbox 652 1040 774 1105; x_wconf 85' lang='lat' dir='ltr'>reboat</span> <span class='ocrx_word' id='word_1_37' title='bbox 799 1041 879 1106; x_wconf 92' lang='lat' dir='ltr'>tunc</span> <span class='ocrx_word' id='word_1_38' title='bbox 902 1038 1029 1108; x_wconf 89' lang='lat' dir='ltr'>ictibus</span> <span class='ocrx_word' id='word_1_39' title='bbox 1052 1041 1149 1110; x_wconf 91' lang='lat' dir='ltr'>incus</span> 
     </span>
     <span class='ocr_line' id='line_1_8' title="bbox 238 1144 1091 1233; baseline -0.002 -15"><span class='ocrx_word' id='word_1_40' title='bbox 238 1146 384 1230; x_wconf 85' lang='lat' dir='ltr'>Crebris,</span> <span class='ocrx_word' id='word_1_41' title='bbox 407 1151 512 1233; x_wconf 88' lang='lat' dir='ltr'>atque</span> <span class='ocrx_word' id='word_1_42' title='bbox 536 1147 586 1214; x_wconf 92' lang='lat' dir='ltr'>illi</span> <span class='ocrx_word' id='word_1_43' title='bbox 609 1147 719 1214; x_wconf 92' lang='lat' dir='ltr'>multa</span> <span class='ocrx_word' id='word_1_44' title='bbox 742 1144 776 1212; x_wconf 90' lang='lat' dir='ltr'>vi</span> <span class='ocrx_word' id='word_1_45' title='bbox 801 1145 942 1214; x_wconf 91' lang='lat' dir='ltr'>brachia</span> <span class='ocrx_word' id='word_1_46' title='bbox 965 1149 1091 1216; x_wconf 92' lang='lat' dir='ltr'>tollunt</span> 
     </span>
     <span class='ocr_line' id='line_1_9' title="bbox 238 1233 1168 1342; baseline 0 -17"><span class='ocrx_word' id='word_1_47' title='bbox 238 1233 275 1325; x_wconf 82' lang='lat' dir='ltr'>ln</span> <span class='ocrx_word' id='word_1_48' title='bbox 299 1275 491 1336; x_wconf 90' lang='lat' dir='ltr'>numerum,</span> <span class='ocrx_word' id='word_1_49' title='bbox 515 1257 721 1340; x_wconf 86' lang='lat' dir='ltr'>versantque</span> <span class='ocrx_word' id='word_1_50' title='bbox 745 1253 861 1321; x_wconf 86' lang='lat' dir='ltr'>tenaci</span> <span class='ocrx_word' id='word_1_51' title='bbox 883 1254 1016 1342; x_wconf 84' lang='lat' dir='ltr'>forcipe</span> <span class='ocrx_word' id='word_1_52' title='bbox 1041 1257 1168 1341; x_wconf 79' lang='lat' dir='ltr'>virgas</span> 
     </span>
     <span class='ocr_line' id='line_1_10' title="bbox 238 1360 1129 1448; baseline -0.002 -14"><span class='ocrx_word' id='word_1_53' title='bbox 238 1363 380 1434; x_wconf 80' lang='lat' dir='ltr'>(luditur</span> <span class='ocrx_word' id='word_1_54' title='bbox 403 1362 438 1429; x_wconf 95' lang='lat' dir='ltr'>in</span> <span class='ocrx_word' id='word_1_55' title='bbox 462 1381 618 1429; x_wconf 89' lang='lat' dir='ltr'>nummos</span> <span class='ocrx_word' id='word_1_56' title='bbox 641 1360 780 1446; x_wconf 79' lang='lat' dir='ltr'>argenti</span> <span class='ocrx_word' id='word_1_57' title='bbox 804 1363 958 1448; x_wconf 90' lang='lat' dir='ltr'>pondus:</span> <span class='ocrx_word' id='word_1_58' title='bbox 983 1382 1129 1432; x_wconf 89' lang='lat' dir='ltr'>acervus</span> 
     </span>
     <span class='ocr_line' id='line_1_11' title="bbox 237 1472 1205 1563; baseline -0.001 -19"><span class='ocrx_word' id='word_1_59' title='bbox 237 1472 462 1559; x_wconf 79' lang='lat' dir='ltr'>Franoigenis</span> <span class='ocrx_word' id='word_1_60' title='bbox 485 1473 607 1559; x_wconf 81' lang='lat' dir='ltr'>ingens</span> <span class='ocrx_word' id='word_1_61' title='bbox 630 1491 794 1557; x_wconf 79' lang='lat' dir='ltr'>gazarum</span> <span class='ocrx_word' id='word_1_62' title='bbox 819 1475 923 1558; x_wconf 87' lang='lat' dir='ltr'>atque</span> <span class='ocrx_word' id='word_1_63' title='bbox 947 1473 1026 1543; x_wconf 89' lang='lat' dir='ltr'>inde</span> <span class='ocrx_word' id='word_1_64' title='bbox 1049 1480 1205 1563; x_wconf 89' lang='lat' dir='ltr'>paratur.</span> 
     </span>
    </p>

    <p class='ocr_par' dir='ltr' id='par_1_4' title="bbox 192 1582 1019 1668">
     <span class='ocr_line' id='line_1_12' title="bbox 192 1582 1019 1668; baseline -0.001 -14"><span class='ocrx_word' id='word_1_65' title='bbox 192 1590 267 1654; x_wconf 88' lang='lat' dir='ltr'>Jam</span> <span class='ocrx_word' id='word_1_66' title='bbox 291 1586 365 1652; x_wconf 84' lang='lat' dir='ltr'>fata</span> <span class='ocrx_word' id='word_1_67' title='bbox 387 1582 535 1650; x_wconf 83' lang='lat' dir='ltr'>infracto</span> <span class='ocrx_word' id='word_1_68' title='bbox 560 1583 744 1649; x_wconf 85' lang='lat' dir='ltr'>volvebant</span> <span class='ocrx_word' id='word_1_69' title='bbox 768 1584 927 1668; x_wconf 87' lang='lat' dir='ltr'>tempora</span> <span class='ocrx_word' id='word_1_70' title='bbox 950 1585 1019 1666; x_wconf 85' lang='lat' dir='ltr'>filo,</span> 
     </span>
    </p>

    <p class='ocr_par' dir='ltr' id='par_1_5' title="bbox 231 1689 1289 4373">
     <span class='ocr_line' id='line_1_13' title="bbox 236 1689 1180 1776; baseline 0.001 -15"><span class='ocrx_word' id='word_1_71' title='bbox 236 1696 330 1772; x_wconf 82' lang='lat' dir='ltr'>Quae</span> <span class='ocrx_word' id='word_1_72' title='bbox 354 1689 501 1759; x_wconf 88' lang='lat' dir='ltr'>dominis</span> <span class='ocrx_word' id='word_1_73' title='bbox 523 1689 651 1756; x_wconf 85' lang='lat' dir='ltr'>Adriae</span> <span class='ocrx_word' id='word_1_74' title='bbox 675 1707 812 1774; x_wconf 90' lang='lat' dir='ltr'>semper</span> <span class='ocrx_word' id='word_1_75' title='bbox 835 1709 998 1776; x_wconf 90' lang='lat' dir='ltr'>suprema</span> <span class='ocrx_word' id='word_1_76' title='bbox 1021 1695 1180 1776; x_wconf 87' lang='lat' dir='ltr'>ruebant,</span> 
     </span>
     <span class='ocr_line' id='line_1_14' title="bbox 237 1795 1279 1888; baseline 0.001 -19"><span class='ocrx_word' id='word_1_77' title='bbox 237 1804 405 1887; x_wconf 84' lang='lat' dir='ltr'>Tempora</span> <span class='ocrx_word' id='word_1_78' title='bbox 429 1798 517 1865; x_wconf 91' lang='lat' dir='ltr'>dura</span> <span class='ocrx_word' id='word_1_79' title='bbox 539 1795 698 1881; x_wconf 89' lang='lat' dir='ltr'>quidem!</span> <span class='ocrx_word' id='word_1_80' title='bbox 724 1797 772 1863; x_wconf 89' lang='lat' dir='ltr'>Vt</span> <span class='ocrx_word' id='word_1_81' title='bbox 795 1795 924 1865; x_wconf 83' lang='lat' dir='ltr'>fulmen</span> <span class='ocrx_word' id='word_1_82' title='bbox 947 1799 1173 1888; x_wconf 87' lang='lat' dir='ltr'>disrumpitur</span> <span class='ocrx_word' id='word_1_83' title='bbox 1197 1803 1279 1885; x_wconf 88' lang='lat' dir='ltr'>alte,</span> 
     </span>
     <span class='ocr_line' id='line_1_15' title="bbox 237 1902 1222 1995; baseline -0.001 -18"><span class='ocrx_word' id='word_1_84' title='bbox 237 1907 292 1977; x_wconf 90' lang='lat' dir='ltr'>Sio</span> <span class='ocrx_word' id='word_1_85' title='bbox 314 1924 450 1994; x_wconf 92' lang='lat' dir='ltr'>quoque</span> <span class='ocrx_word' id='word_1_86' title='bbox 474 1905 650 1972; x_wconf 87' lang='lat' dir='ltr'>Gallorum</span> <span class='ocrx_word' id='word_1_87' title='bbox 674 1903 771 1970; x_wconf 93' lang='lat' dir='ltr'>dolus</span> <span class='ocrx_word' id='word_1_88' title='bbox 794 1902 1006 1992; x_wconf 91' lang='lat' dir='ltr'>insidiaeque</span> <span class='ocrx_word' id='word_1_89' title='bbox 1031 1913 1222 1995; x_wconf 88' lang='lat' dir='ltr'>patescunt.</span> 
     </span>
     <span class='ocr_line' id='line_1_16' title="bbox 236 2010 1173 2100; baseline -0.003 -15"><span class='ocrx_word' id='word_1_90' title='bbox 236 2020 397 2084; x_wconf 85' lang='lat' dir='ltr'>Attamen</span> <span class='ocrx_word' id='word_1_91' title='bbox 422 2012 513 2080; x_wconf 93' lang='lat' dir='ltr'>haud</span> <span class='ocrx_word' id='word_1_92' title='bbox 537 2010 654 2079; x_wconf 88' lang='lat' dir='ltr'>satius.</span> <span class='ocrx_word' id='word_1_93' title='bbox 678 2015 801 2079; x_wconf 88' lang='lat' dir='ltr'>Patres</span> <span class='ocrx_word' id='word_1_94' title='bbox 823 2018 903 2081; x_wconf 87' lang='lat' dir='ltr'>sunt</span> <span class='ocrx_word' id='word_1_95' title='bbox 925 2016 1053 2084; x_wconf 90' lang='lat' dir='ltr'>lumine</span> <span class='ocrx_word' id='word_1_96' title='bbox 1076 2016 1173 2100; x_wconf 89' lang='lat' dir='ltr'>laesi,</span> 
     </span>
     <span class='ocr_line' id='line_1_17' title="bbox 237 2118 1132 2211; baseline -0.002 -17"><span class='ocrx_word' id='word_1_97' title='bbox 237 2123 374 2194; x_wconf 85' lang='lat' dir='ltr'>Tortilis</span> <span class='ocrx_word' id='word_1_98' title='bbox 396 2125 435 2190; x_wconf 92' lang='lat' dir='ltr'>ut</span> <span class='ocrx_word' id='word_1_99' title='bbox 458 2122 563 2188; x_wconf 87' lang='lat' dir='ltr'>denso</span> <span class='ocrx_word' id='word_1_100' title='bbox 587 2138 728 2206; x_wconf 89' lang='lat' dir='ltr'>serpens</span> <span class='ocrx_word' id='word_1_101' title='bbox 751 2118 785 2186; x_wconf 97' lang='lat' dir='ltr'>in</span> <span class='ocrx_word' id='word_1_102' title='bbox 809 2122 966 2207; x_wconf 82' lang='lat' dir='ltr'>gramine</span> <span class='ocrx_word' id='word_1_103' title='bbox 991 2129 1132 2211; x_wconf 87' lang='lat' dir='ltr'>reptans</span> 
     </span>
     <span class='ocr_line' id='line_1_18' title="bbox 235 2228 1122 2316; baseline -0.003 -14"><span class='ocrx_word' id='word_1_104' title='bbox 235 2232 407 2313; x_wconf 88' lang='lat' dir='ltr'>Noscitur,</span> <span class='ocrx_word' id='word_1_105' title='bbox 429 2229 465 2295; x_wconf 93' lang='lat' dir='ltr'>in</span> <span class='ocrx_word' id='word_1_106' title='bbox 488 2228 642 2316; x_wconf 91' lang='lat' dir='ltr'>trepidas</span> <span class='ocrx_word' id='word_1_107' title='bbox 665 2247 767 2295; x_wconf 91' lang='lat' dir='ltr'>aures</span> <span class='ocrx_word' id='word_1_108' title='bbox 791 2247 869 2295; x_wconf 91' lang='lat' dir='ltr'>cum</span> <span class='ocrx_word' id='word_1_109' title='bbox 892 2230 992 2298; x_wconf 89' lang='lat' dir='ltr'>sibila</span> <span class='ocrx_word' id='word_1_110' title='bbox 1015 2231 1122 2299; x_wconf 90' lang='lat' dir='ltr'>mittit</span> 
     </span>
     <span class='ocr_line' id='line_1_19' title="bbox 236 2333 1245 2428; baseline -0.001 -20"><span class='ocrx_word' id='word_1_111' title='bbox 236 2335 496 2426; x_wconf 76' lang='lat' dir='ltr'>progredientis</span> <span class='ocrx_word' id='word_1_112' title='bbox 519 2336 599 2418; x_wconf 90' lang='lat' dir='ltr'>iter,</span> <span class='ocrx_word' id='word_1_113' title='bbox 622 2354 842 2420; x_wconf 87' lang='lat' dir='ltr'>crassumque</span> <span class='ocrx_word' id='word_1_114' title='bbox 867 2338 1012 2405; x_wconf 85' lang='lat' dir='ltr'>effundit</span> <span class='ocrx_word' id='word_1_115' title='bbox 1036 2336 1202 2428; x_wconf 84' lang='lat' dir='ltr'>odorem3</span> <span class='ocrx_word' id='word_1_116' title='bbox 1242 2333 1245 2339; x_wconf 75' lang='grc'><strong>’</strong></span> 
     </span>
     <span class='ocr_line' id='line_1_20' title="bbox 236 2442 1178 2525; baseline -0.004 -7"><span class='ocrx_word' id='word_1_117' title='bbox 236 2448 291 2518; x_wconf 88' lang='lat' dir='ltr'>Sic</span> <span class='ocrx_word' id='word_1_118' title='bbox 315 2446 410 2515; x_wconf 93' lang='lat' dir='ltr'>videt</span> <span class='ocrx_word' id='word_1_119' title='bbox 433 2443 583 2525; x_wconf 79' lang='lat' dir='ltr'>insidiae,</span> <span class='ocrx_word' id='word_1_120' title='bbox 605 2442 670 2510; x_wconf 89' lang='lat' dir='ltr'>sibi</span> <span class='ocrx_word' id='word_1_121' title='bbox 693 2461 760 2510; x_wconf 94' lang='lat' dir='ltr'>non</span> <span class='ocrx_word' id='word_1_122' title='bbox 784 2447 899 2511; x_wconf 91' lang='lat' dir='ltr'>tamen</span> <span class='ocrx_word' id='word_1_123' title='bbox 923 2444 1032 2513; x_wconf 90' lang='lat' dir='ltr'>Adria</span> <span class='ocrx_word' id='word_1_124' title='bbox 1055 2447 1178 2515; x_wconf 89' lang='lat' dir='ltr'>credit.</span> 
     </span>
     <span class='ocr_line' id='line_1_21' title="bbox 235 2548 1042 2635; baseline -0.006 -10"><span class='ocrx_word' id='word_1_125' title='bbox 235 2560 308 2624; x_wconf 92' lang='lat' dir='ltr'>Hoc</span> <span class='ocrx_word' id='word_1_126' title='bbox 331 2551 507 2623; x_wconf 88' lang='lat' dir='ltr'>Octolinus</span> <span class='ocrx_word' id='word_1_127' title='bbox 530 2549 647 2632; x_wconf 88' lang='lat' dir='ltr'>sensit,</span> <span class='ocrx_word' id='word_1_128' title='bbox 671 2548 729 2635; x_wconf 94' lang='lat' dir='ltr'>qui</span> <span class='ocrx_word' id='word_1_129' title='bbox 754 2554 925 2635; x_wconf 78' lang='lat' dir='ltr'>Bergoma</span> <span class='ocrx_word' id='word_1_130' title='bbox 948 2553 1042 2622; x_wconf 92' lang='lat' dir='ltr'>dulci</span> 
     </span>
     <span class='ocr_line' id='line_1_22' title="bbox 236 2656 1028 2751; baseline -0.005 -20"><span class='ocrx_word' id='word_1_131' title='bbox 236 2660 383 2751; x_wconf 88' lang='lat' dir='ltr'>Imperio</span> <span class='ocrx_word' id='word_1_132' title='bbox 407 2658 510 2741; x_wconf 85' lang='lat' dir='ltr'>rexit,</span> <span class='ocrx_word' id='word_1_133' title='bbox 533 2676 663 2745; x_wconf 85' lang='lat' dir='ltr'>paucos</span> <span class='ocrx_word' id='word_1_134' title='bbox 686 2656 849 2743; x_wconf 90' lang='lat' dir='ltr'>novitque</span> <span class='ocrx_word' id='word_1_135' title='bbox 873 2660 1028 2727; x_wconf 88' lang='lat' dir='ltr'>rebelles.</span> 
     </span>
     <span class='ocr_line' id='line_1_23' title="bbox 235 2765 1199 2857; baseline -0.006 -14"><span class='ocrx_word' id='word_1_136' title='bbox 235 2770 503 2854; x_wconf 74' lang='lat' dir='ltr'>concutiturque</span> <span class='ocrx_word' id='word_1_137' title='bbox 527 2770 634 2849; x_wconf 90' lang='lat' dir='ltr'>metu,</span> <span class='ocrx_word' id='word_1_138' title='bbox 657 2765 831 2851; x_wconf 87' lang='lat' dir='ltr'>Battajam</span> <span class='ocrx_word' id='word_1_139' title='bbox 856 2775 1051 2838; x_wconf 90' lang='lat' dir='ltr'>commonet</span> <span class='ocrx_word' id='word_1_140' title='bbox 1074 2769 1199 2857; x_wconf 92' lang='lat' dir='ltr'>ipsum,</span> 
     </span>
     <span class='ocr_line' id='line_1_24' title="bbox 235 2874 1135 2961; baseline -0.003 -13"><span class='ocrx_word' id='word_1_141' title='bbox 235 2877 377 2959; x_wconf 86' lang='lat' dir='ltr'>Quaerit</span> <span class='ocrx_word' id='word_1_142' title='bbox 400 2881 436 2946; x_wconf 89' lang='lat' dir='ltr'>et</span> <span class='ocrx_word' id='word_1_143' title='bbox 458 2875 600 2961; x_wconf 82' lang='lat' dir='ltr'>ignotae</span> <span class='ocrx_word' id='word_1_144' title='bbox 624 2893 712 2961; x_wconf 93' lang='lat' dir='ltr'>quae</span> <span class='ocrx_word' id='word_1_145' title='bbox 737 2874 781 2940; x_wconf 89' lang='lat' dir='ltr'>sit</span> <span class='ocrx_word' id='word_1_146' title='bbox 804 2875 975 2943; x_wconf 89' lang='lat' dir='ltr'>sententia</span> <span class='ocrx_word' id='word_1_147' title='bbox 999 2878 1135 2946; x_wconf 87' lang='lat' dir='ltr'>mentis.</span> 
     </span>
     <span class='ocr_line' id='line_1_25' title="bbox 233 2981 1110 3070; baseline -0.002 -15"><span class='ocrx_word' id='word_1_148' title='bbox 233 2991 277 3055; x_wconf 87' lang='lat' dir='ltr'>At</span> <span class='ocrx_word' id='word_1_149' title='bbox 301 2984 441 3070; x_wconf 87' lang='lat' dir='ltr'>Battaja</span> <span class='ocrx_word' id='word_1_150' title='bbox 464 2981 551 3051; x_wconf 89' lang='lat' dir='ltr'>dolis</span> <span class='ocrx_word' id='word_1_151' title='bbox 574 2984 698 3048; x_wconf 90' lang='lat' dir='ltr'>cautus</span> <span class='ocrx_word' id='word_1_152' title='bbox 721 2999 785 3067; x_wconf 87' lang='lat' dir='ltr'>per</span> <span class='ocrx_word' id='word_1_153' title='bbox 808 2981 940 3069; x_wconf 90' lang='lat' dir='ltr'>scripta</span> <span class='ocrx_word' id='word_1_154' title='bbox 962 2985 1110 3054; x_wconf 89' lang='lat' dir='ltr'>remittit</span> 
     </span>
     <span class='ocr_line' id='line_1_26' title="bbox 234 3087 1289 3182; baseline -0.001 -19"><span class='ocrx_word' id='word_1_155' title='bbox 234 3097 328 3163; x_wconf 87' lang='lat' dir='ltr'>Haec</span> <span class='ocrx_word' id='word_1_156' title='bbox 350 3112 413 3161; x_wconf 88' lang='lat' dir='ltr'>sua</span> <span class='ocrx_word' id='word_1_157' title='bbox 435 3109 555 3159; x_wconf 88' lang='lat' dir='ltr'>sensa:</span> <span class='ocrx_word' id='word_1_158' title='bbox 580 3087 771 3172; x_wconf 89' lang='lat' dir='ltr'>Hominem,</span> <span class='ocrx_word' id='word_1_159' title='bbox 795 3089 854 3176; x_wconf 94' lang='lat' dir='ltr'>qui</span> <span class='ocrx_word' id='word_1_160' title='bbox 878 3090 961 3158; x_wconf 87' lang='lat' dir='ltr'>talia</span> <span class='ocrx_word' id='word_1_161' title='bbox 984 3092 1144 3179; x_wconf 87' lang='lat' dir='ltr'>credidit,</span> <span class='ocrx_word' id='word_1_162' title='bbox 1166 3092 1289 3182; x_wconf 91' lang='lat' dir='ltr'>inquit,</span> 
     </span>
     <span class='ocr_line' id='line_1_27' title="bbox 233 3196 1080 3291; baseline -0.004 -19"><span class='ocrx_word' id='word_1_163' title='bbox 233 3207 309 3291; x_wconf 92' lang='lat' dir='ltr'>lpse</span> <span class='ocrx_word' id='word_1_164' title='bbox 334 3200 417 3276; x_wconf 90' lang='lat' dir='ltr'>mihi</span> <span class='ocrx_word' id='word_1_165' title='bbox 441 3199 550 3280; x_wconf 82' lang='lat' dir='ltr'>defer,</span> <span class='ocrx_word' id='word_1_166' title='bbox 574 3196 711 3282; x_wconf 81' lang='lat' dir='ltr'>maJ’ora</span> <span class='ocrx_word' id='word_1_167' title='bbox 734 3201 773 3264; x_wconf 91' lang='lat' dir='ltr'>ut</span> <span class='ocrx_word' id='word_1_168' title='bbox 795 3198 927 3266; x_wconf 87' lang='lat' dir='ltr'>lumina</span> <span class='ocrx_word' id='word_1_169' title='bbox 949 3200 1080 3287; x_wconf 89' lang='lat' dir='ltr'>possint</span> 
     </span>
     <span class='ocr_line' id='line_1_28' title="bbox 233 3304 1124 3396; baseline -0.003 -16"><span class='ocrx_word' id='word_1_170' title='bbox 233 3312 315 3380; x_wconf 90' lang='lat' dir='ltr'>lnde</span> <span class='ocrx_word' id='word_1_171' title='bbox 339 3307 443 3390; x_wconf 89' lang='lat' dir='ltr'>trahi,</span> <span class='ocrx_word' id='word_1_172' title='bbox 465 3304 608 3393; x_wconf 90' lang='lat' dir='ltr'>quaevis</span> <span class='ocrx_word' id='word_1_173' title='bbox 631 3304 732 3373; x_wconf 91' lang='lat' dir='ltr'>citius</span> <span class='ocrx_word' id='word_1_174' title='bbox 757 3306 811 3373; x_wconf 93' lang='lat' dir='ltr'>vel</span> <span class='ocrx_word' id='word_1_175' title='bbox 834 3310 980 3393; x_wconf 90' lang='lat' dir='ltr'>parvula</span> <span class='ocrx_word' id='word_1_176' title='bbox 1004 3310 1124 3396; x_wconf 82' lang='lat' dir='ltr'>deser3</span> 
     </span>
     <span class='ocr_line' id='line_1_29' title="bbox 232 3414 1183 3504; baseline -0.002 -18"><span class='ocrx_word' id='word_1_177' title='bbox 232 3421 385 3504; x_wconf 90' lang='lat' dir='ltr'>Namque</span> <span class='ocrx_word' id='word_1_178' title='bbox 409 3415 493 3484; x_wconf 90' lang='lat' dir='ltr'>nihil</span> <span class='ocrx_word' id='word_1_179' title='bbox 517 3414 593 3482; x_wconf 91' lang='lat' dir='ltr'>diro</span> <span class='ocrx_word' id='word_1_180' title='bbox 617 3418 839 3482; x_wconf 85' lang='lat' dir='ltr'>contemnere</span> <span class='ocrx_word' id='word_1_181' title='bbox 864 3419 1022 3503; x_wconf 88' lang='lat' dir='ltr'>tempore</span> <span class='ocrx_word' id='word_1_182' title='bbox 1046 3417 1098 3485; x_wconf 87' lang='lat' dir='ltr'>fas</span> <span class='ocrx_word' id='word_1_183' title='bbox 1121 3419 1183 3485; x_wconf 90' lang='lat' dir='ltr'>est.</span> 
     </span>
     <span class='ocr_line' id='line_1_30' title="bbox 233 3521 1160 3613; baseline -0.002 -19"><span class='ocrx_word' id='word_1_184' title='bbox 233 3523 296 3606; x_wconf 84' lang='lat' dir='ltr'>Qui</span> <span class='ocrx_word' id='word_1_185' title='bbox 320 3523 454 3613; x_wconf 89' lang='lat' dir='ltr'>patriae</span> <span class='ocrx_word' id='word_1_186' title='bbox 478 3525 663 3609; x_wconf 88' lang='lat' dir='ltr'>praesunt:</span> <span class='ocrx_word' id='word_1_187' title='bbox 688 3521 815 3590; x_wconf 89' lang='lat' dir='ltr'>debent</span> <span class='ocrx_word' id='word_1_188' title='bbox 838 3541 1013 3610; x_wconf 87' lang='lat' dir='ltr'>opponere</span> <span class='ocrx_word' id='word_1_189' title='bbox 1037 3529 1160 3613; x_wconf 90' lang='lat' dir='ltr'>pectus</span> 
     </span>
     <span class='ocr_line' id='line_1_31' title="bbox 233 3629 1097 3716; baseline 0 -14"><span class='ocrx_word' id='word_1_190' title='bbox 233 3635 337 3702; x_wconf 88' lang='lat' dir='ltr'>Forte</span> <span class='ocrx_word' id='word_1_191' title='bbox 361 3631 481 3700; x_wconf 90' lang='lat' dir='ltr'>nimis:</span> <span class='ocrx_word' id='word_1_192' title='bbox 506 3629 612 3698; x_wconf 89' lang='lat' dir='ltr'>etiam</span> <span class='ocrx_word' id='word_1_193' title='bbox 635 3630 767 3698; x_wconf 82' lang='lat' dir='ltr'>fractus</span> <span class='ocrx_word' id='word_1_194' title='bbox 789 3630 819 3698; x_wconf 91' lang='lat' dir='ltr'>si</span> <span class='ocrx_word' id='word_1_195' title='bbox 842 3632 971 3701; x_wconf 87' lang='lat' dir='ltr'>labitur</span> <span class='ocrx_word' id='word_1_196' title='bbox 994 3632 1097 3716; x_wconf 77' lang='lat' dir='ltr'>orbis</span> 
     </span>
     <span class='ocr_line' id='line_1_32' title="bbox 232 3739 1125 3828; baseline 0 -19"><span class='ocrx_word' id='word_1_197' title='bbox 232 3740 447 3828; x_wconf 84' lang='lat' dir='ltr'>impavidum</span> <span class='ocrx_word' id='word_1_198' title='bbox 471 3739 598 3807; x_wconf 87' lang='lat' dir='ltr'>ferient</span> <span class='ocrx_word' id='word_1_199' title='bbox 622 3742 739 3806; x_wconf 87' lang='lat' dir='ltr'>vastae</span> <span class='ocrx_word' id='word_1_200' title='bbox 764 3740 970 3827; x_wconf 85' lang='lat' dir='ltr'>firmumque</span> <span class='ocrx_word' id='word_1_201' title='bbox 994 3743 1125 3810; x_wconf 89' lang='lat' dir='ltr'>ruinae.</span> 
     </span>
     <span class='ocr_line' id='line_1_33' title="bbox 231 3845 1137 3934; baseline 0.002 -18"><span class='ocrx_word' id='word_1_202' title='bbox 231 3849 280 3916; x_wconf 91' lang='lat' dir='ltr'>Ne</span> <span class='ocrx_word' id='word_1_203' title='bbox 302 3847 426 3916; x_wconf 91' lang='lat' dir='ltr'>timeas</span> <span class='ocrx_word' id='word_1_204' title='bbox 449 3846 558 3932; x_wconf 80' lang='lat' dir='ltr'>igitur</span> <span class='ocrx_word' id='word_1_205' title='bbox 571 3869 580 3934; x_wconf 83' lang='lat'>3</span> <span class='ocrx_word' id='word_1_206' title='bbox 604 3845 632 3913; x_wconf 91' lang='lat' dir='ltr'>si</span> <span class='ocrx_word' id='word_1_207' title='bbox 655 3848 732 3931; x_wconf 85' lang='lat' dir='ltr'>quis</span> <span class='ocrx_word' id='word_1_208' title='bbox 755 3866 939 3934; x_wconf 88' lang='lat' dir='ltr'>perversus</span> <span class='ocrx_word' id='word_1_209' title='bbox 963 3854 998 3918; x_wconf 90' lang='lat' dir='ltr'>et</span> <span class='ocrx_word' id='word_1_210' title='bbox 1021 3853 1137 3918; x_wconf 84' lang='lat' dir='ltr'>audax</span> 
     </span>
     <span class='ocr_line' id='line_1_34' title="bbox 232 3955 936 4041; baseline 0.001 -17"><span class='ocrx_word' id='word_1_211' title='bbox 232 3958 412 4025; x_wconf 90' lang='lat' dir='ltr'>Infandum</span> <span class='ocrx_word' id='word_1_212' title='bbox 437 3955 621 4024; x_wconf 89' lang='lat' dir='ltr'>Libertatis</span> <span class='ocrx_word' id='word_1_213' title='bbox 644 3957 798 4041; x_wconf 82' lang='lat' dir='ltr'>defigere</span> <span class='ocrx_word' id='word_1_214' title='bbox 823 3961 936 4026; x_wconf 87' lang='lat' dir='ltr'>tentet</span> 
     </span>
     <span class='ocr_line' id='line_1_35' title="bbox 231 4063 1181 4157; baseline 0.006 -26"><span class='ocrx_word' id='word_1_215' title='bbox 231 4068 400 4133; x_wconf 87' lang='lat' dir='ltr'>Arborem</span> <span class='ocrx_word' id='word_1_216' title='bbox 423 4064 539 4151; x_wconf 90' lang='lat' dir='ltr'>humi;</span> <span class='ocrx_word' id='word_1_217' title='bbox 565 4069 602 4130; x_wconf 92' lang='lat' dir='ltr'>tu</span> <span class='ocrx_word' id='word_1_218' title='bbox 627 4063 728 4147; x_wconf 77' lang='lat' dir='ltr'>vinee,</span> <span class='ocrx_word' id='word_1_219' title='bbox 751 4070 855 4152; x_wconf 84' lang='lat' dir='ltr'>atque</span> <span class='ocrx_word' id='word_1_220' title='bbox 879 4069 1057 4137; x_wconf 87' lang='lat' dir='ltr'>obstacula</span> <span class='ocrx_word' id='word_1_221' title='bbox 1080 4086 1181 4157; x_wconf 86' lang='lat' dir='ltr'>pone,</span> 
     </span>
     <span class='ocr_line' id='line_1_36' title="bbox 232 4171 1114 4263; baseline 0.008 -24"><span class='ocrx_word' id='word_1_222' title='bbox 232 4176 275 4239; x_wconf 88' lang='lat' dir='ltr'>Et</span> <span class='ocrx_word' id='word_1_223' title='bbox 298 4176 412 4242; x_wconf 87' lang='lat' dir='ltr'>sontes</span> <span class='ocrx_word' id='word_1_224' title='bbox 435 4173 569 4240; x_wconf 89' lang='lat' dir='ltr'>solvant</span> <span class='ocrx_word' id='word_1_225' title='bbox 592 4171 734 4239; x_wconf 88' lang='lat' dir='ltr'>meritas</span> <span class='ocrx_word' id='word_1_226' title='bbox 757 4178 791 4240; x_wconf 88' lang='lat' dir='ltr'>te</span> <span class='ocrx_word' id='word_1_227' title='bbox 816 4174 951 4243; x_wconf 91' lang='lat' dir='ltr'>vindice</span> <span class='ocrx_word' id='word_1_228' title='bbox 976 4196 1114 4263; x_wconf 90' lang='lat' dir='ltr'>poenas.</span> 
     </span>
     <span class='ocr_line' id='line_1_37' title="bbox 233 4280 1106 4373; baseline 0.01 -26"><span class='ocrx_word' id='word_1_229' title='bbox 233 4282 309 4371; x_wconf 91' lang='lat' dir='ltr'>lpse</span> <span class='ocrx_word' id='word_1_230' title='bbox 333 4280 407 4349; x_wconf 87' lang='lat' dir='ltr'>vias</span> <span class='ocrx_word' id='word_1_231' title='bbox 429 4282 564 4365; x_wconf 90' lang='lat' dir='ltr'>lustret,</span> <span class='ocrx_word' id='word_1_232' title='bbox 586 4283 779 4370; x_wconf 81' lang='lat' dir='ltr'>perpurget</span> <span class='ocrx_word' id='word_1_233' title='bbox 803 4286 838 4350; x_wconf 90' lang='lat' dir='ltr'>et</span> <span class='ocrx_word' id='word_1_234' title='bbox 861 4281 934 4373; x_wconf 89' lang='lat' dir='ltr'>ipse</span> <span class='ocrx_word' id='word_1_235' title='bbox 958 4287 1106 4356; x_wconf 87' lang='lat' dir='ltr'>satelles.</span> 
     </span>
    </p>
   </div>
   <div class='ocr_carea' id='block_1_3' title="bbox 0 0 1696 5362">
    <p class='ocr_par' dir='ltr' id='par_1_6' title="bbox 0 0 1696 5362">
     <span class='ocr_line' id='line_1_38' title="bbox 0 0 1696 5362; baseline 0 4"><span class='ocrx_word' id='word_1_236' title='bbox 0 0 1696 5362; x_wconf 95' lang='lat' dir='ltr'> </span> 
     </span>
    </p>
   </div>
  </div>
 </body>
</html>
