3382 5362
732 396 933 462 -104—

311 545 389 629 lpsa
412 544 471 609 sed
497 546 661 611 exercent
681 539 794 626 justos
819 539 851 606 in
877 538 992 607 limine
1018 531 1171 630 bonesti3

311 652 561 735 Abducnntque
586 651 693 717 malos
716 649 899 733 aliquando
924 649 957 715 in
982 650 1128 718 crimina
1151 670 1286 738 pronos.

310 758 424 824 Audet
448 757 482 823 in
507 756 679 825 aerumnis
702 759 790 825 altas
813 758 979 825 extollere
1004 759 1135 826 frontes

310 869 419 932 Durus
443 866 556 947 bomo,
579 869 614 932 et
638 870 771 933 nostras
794 863 934 931 rabidus
957 871 1179 934 contemnere
1206 868 1328 952 leges?

309 973 371 1051 Qui
395 976 483 1040 Deus
506 972 539 1039 in
565 973 670 1040 coelis
693 970 838 1053 habitat,
860 972 918 1057 qui
943 974 1106 1060 frangere
1130 994 1240 1060 regna
1271 1054 1273 1059 .

309 1081 453 1161 Assolet,
477 1084 515 1177 ut
538 1079 635 1164 figuli
661 1083 776 1159 testas,
799 1080 995 1166 confringet
1018 1082 1164 1168 iniquos,

309 1189 536 1257 Subsannabit
560 1209 629 1271 eoS,
653 1188 864 1274 memorique
889 1192 1048 1277 loquetur
1072 1193 1105 1259 in
1129 1192 1193 1260 ira.

309 1300 358 1363 En
382 1295 444 1364 tibi
468 1299 617 1364 fatorum
643 1294 786 1363 meliora
809 1316 938 1366 arcana
962 1302 1117 1381 movebo

309 1407 460 1489 Namque
484 1408 535 1471 est
559 1402 611 1470 ira
634 1401 748 1470 brevis
771 1405 931 1473 clementi
956 1406 996 1479 in
1014 1415 1178 1495 pectore:
1202 1412 1337 1476 tantum

239 1579 243 1588 ,
308 1515 356 1579 Vt
378 1509 524 1598 stipulae
549 1509 643 1578 venti
667 1508 849 1597 rapiuntur
872 1515 1007 1583 turbine
1032 1515 1156 1601 siccae,

308 1619 363 1688 Sic
387 1621 463 1686 volo
487 1636 668 1705 perversos
691 1621 807 1685 nostro
831 1620 1006 1707 depellere
1030 1626 1075 1691 ab
1098 1643 1168 1692 ore.

308 1731 355 1796 Vt
378 1728 516 1795 foenum
541 1725 652 1793 subito
676 1726 868 1795 demessum
893 1730 1019 1799 arescit
1043 1731 1077 1798 in
1101 1730 1204 1816 arvis
1305 1786 1307 1791 .

308 1838 355 1905 Vt
379 1837 466 1904 solet
489 1833 642 1902 accensis
665 1834 805 1902 admota
828 1835 1017 1923 liquescere
1042 1839 1185 1907 flammis

309 1948 395 2013 Cera
417 1948 521 2012 tenax
545 1940 668 2026 subito,
692 1941 843 2028 tepidive
867 1946 1039 2015 afflamine
1063 1947 1149 2016 Solis

307 2053 369 2121 Vis
392 2051 491 2134 nivis,
515 2055 550 2119 et
574 2050 685 2118 ventis
708 2054 747 2118 ut
771 2051 884 2121 fumus
908 2055 1025 2123 deficit
1049 2059 1125 2123 ater
1138 2078 1147 2143 ;

308 2161 363 2229 Sic
385 2179 521 2246 quoque
545 2157 705 2226 deficient
728 2158 882 2227 homines
906 2160 939 2228 in
966 2162 1109 2232 crimine
1133 2161 1249 2230 mersi.

307 2269 419 2338 Turbo
443 2265 521 2347 erit,
545 2265 679 2333 illorum
705 2268 740 2332 et
764 2264 881 2334 calicis
905 2287 985 2354 pars
1008 2269 1149 2356 spiritus
1172 2268 1272 2355 ignis.

307 2379 451 2461 Jamque
475 2373 664 2441 Salentinos
687 2374 862 2441 Gallorum
887 2373 921 2441 in
945 2378 1067 2444 funera
1091 2379 1230 2464 pellam,

307 2482 527 2570 Illyricosque
552 2484 673 2567 potens
697 2481 815 2562 fortes
839 2487 1040 2569 septemque
1064 2484 1203 2552 triones.

306 2594 418 2677 Atque
443 2607 567 2676 perosa
590 2589 686 2655 nefas
708 2607 879 2672 generosa
904 2591 1077 2658 Britannia
1101 2591 1233 2660 honesti

307 2699 437 2770 Cultrix
461 2702 496 2765 et
516 2697 603 2783 justi
627 2701 742 2782 Reges
765 2700 976 2784 populosque
1001 2701 1151 2768 movebit

306 2806 481 2876 Auxiliata
503 2804 616 2890 gravi,
639 2805 709 2872 cita
732 2825 821 2891 quae
845 2807 927 2873 ferit
951 2827 1114 2893 aequora,
1139 2810 1257 2889 classe,

306 2913 585 2998 ponderibusque
608 2897 696 2993 auri,
720 2916 758 2979 ut
782 2915 920 2981 tandem
945 2933 1007 2982 sua
1031 2917 1100 2982 tela
1123 2916 1288 2983 nefandos

306 3021 508 3093 confodiant
531 3019 717 3104 hominum,
740 3021 848 3090 nostri
872 3027 907 3090 et
930 3043 1067 3111 quoque
1092 3024 1246 3092 Numinis
1266 3025 1390 3092 hostes

307 3128 445 3213 Sic-ait,
468 3135 503 3197 et
525 3128 637 3196 subito
661 3131 779 3213 nubes,
801 3149 889 3215 quae
914 3133 1114 3200 obvolverat
1136 3152 1256 3201 auram

306 3241 409 3308 Parte
433 3238 498 3304 sub
519 3237 658 3321 Arctoa,
681 3236 716 3303 in
740 3236 883 3304 nihilum
908 3242 1051 3307 tenuata
1073 3239 1226 3309 recessit.

307 3347 504 3433 Syderaque
528 3343 651 3411 illustri
675 3349 845 3431 apparent
868 3347 1085 3433 splendentia
1109 3354 1271 3417 monstro.

309 3456 402 3523 Tunc
425 3453 550 3521 iterum
576 3451 799 3538 Omnipotens
822 3452 870 3522 sic
895 3455 1023 3522 edidit:
1049 3457 1186 3544 Aspice,
1210 3461 1303 3540 nata,

283 3620 289 3643 2
307 3560 431 3651 Aspice
455 3578 543 3648 quae
568 3564 715 3627 ventura
738 3563 864 3647 palam,
887 3583 975 3649 quae
1001 3565 1093 3633 ferre
1118 3567 1264 3633 salutem

307 3667 451 3739 Numine
471 3668 569 3754 jussa
592 3685 669 3735 meo
693 3667 795 3736 citius
819 3670 1020 3740 mortalibus
1042 3673 1167 3758 aegris.

308 3782 367 3846 nst
390 3797 450 3844 sua
474 3775 524 3842 vis
548 3777 671 3843 rebus:
695 3776 806 3843 dubiis
829 3797 896 3844 non
920 3777 1020 3846 irrita
1044 3783 1124 3848 l'atis

309 3886 414 3972 Signa
438 3882 553 3950 vides:
579 3884 728 3951 Medium
754 3884 876 3969 majori
904 3890 991 3954 mole
1016 3908 1196 3956 coruscum

308 3995 460 4078 Sydusne
483 3991 652 4075 agnoscis,
675 3990 790 4058 radies
813 3993 1042 4080 cobibensque
1068 3996 1259 4064 micantes?

309 4100 479 4189 Septimus
501 4097 559 4165 ille
583 4099 693 4179 PlVS,
716 4119 818 4183 quem
844 4102 933 4167 lecta
957 4103 1111 4170 Ecclesia
1134 4107 1274 4172 Patrum

309 4212 420 4279 Insula
443 4206 477 4273 in
501 4204 651 4272 Adriaca
674 4205 766 4274 Corsi
792 4205 1009 4293 implacabile
1035 4230 1145 4297 nuper

308 4314 496 4403 Diffugiens
519 4313 647 4397 odium,
669 4315 846 4382 Pastorem
871 4316 1015 4385 Numine
1039 4324 1155 4386 nostro
