3382 5362
648 391 828 455 ...37-

214 531 301 600 Mire
325 533 447 599 aulaea
471 531 667 601 coloritus:
692 550 800 598 aurea
822 531 902 599 licia
927 533 1083 599 lambunt

215 645 430 730 Spumantes,
453 642 556 728 agilis
577 663 663 729 quas
686 662 801 709 remus
824 641 988 729 percutit,
1013 643 1133 708 undas

216 752 271 821 Sic
294 751 402 833 naviS,
425 750 633 818 Bucentauri
657 753 699 817 de
724 750 859 819 nomine
884 751 990 833 dicta,

215 859 349 946 Quippe
373 857 554 926 videbatur
578 860 672 925 claro
696 857 862 926 comitata
886 856 1072 945 triumpho.

215 970 313 1034 Nunc
336 986 356 1034 o
380 986 483 1052 quam
507 970 641 1033 mutata
659 965 780 1051 jaces!
806 966 868 1033 tibi
892 969 984 1034 nuda
1007 966 1127 1035 carina

215 1077 348 1159 Restat,
372 1076 408 1141 et
431 1071 571 1158 indigne
596 1092 762 1140 converso
785 1093 881 1143 more
906 1074 1065 1159 gravaris

216 1180 408 1250 Tormentis
431 1179 522 1262 belli,
546 1181 662 1247 fueras
685 1199 774 1265 quae
797 1180 923 1248 nuncia
947 1181 1054 1268 pacis

216 1292 260 1357 nt
282 1289 482 1356 malesuada
505 1289 614 1354 fames
638 1286 714 1355 auri
738 1285 801 1354 tibi
825 1286 979 1372 tegmina
1002 1288 1152 1375 scalpsit.

216 1396 279 1464 Hic
304 1398 381 1464 erat
404 1399 441 1463 et
463 1394 572 1462 ritus:
599 1393 746 1462 vicinam
770 1397 938 1463 accedere
963 1399 1006 1464 ad
1030 1398 1169 1479 undam,

216 1508 310 1583 Quae
334 1506 456 1591 portus
479 1502 636 1587 ingressa
659 1504 771 1571 lacum
796 1504 943 1573 considit
965 1506 1001 1572 in
1024 1506 1176 1592 amplum

216 1611 432 1699 Tranquillus
454 1609 559 1693 sinuS,
584 1613 620 1677 et
642 1609 745 1678 statio
769 1613 856 1678 bene
881 1613 950 1680 fida
974 1612 1110 1681 carinis

216 1724 322 1808 lnque
345 1738 454 1801 mare,
479 1717 513 1785 in
537 1734 698 1805 sponsum
722 1718 842 1800 veluti,
862 1718 1001 1804 jactare
1025 1721 1190 1790 nitentem

216 1828 401 1910 Annulum,
424 1829 460 1894 et
484 1825 741 1912 induperatoris
764 1846 958 1896 memorare
983 1849 1188 1917 repressam,

216 1939 290 2015 Qua
313 1939 395 2004 trux
418 1933 621 2002 Pontificem
644 1934 831 2020 profugum
857 1939 1117 2020 exturbaverat,
1140 1937 1239 2006 iram.

215 2044 271 2114 Sic
293 2061 430 2131 quoque
456 2045 491 2110 et
514 2040 700 2127 imperium
725 2048 891 2112 renovato
914 2045 1063 2132 pignore
1087 2047 1214 2114 firmat.

216 2151 363 2222 Brachia
386 2153 486 2218 erant
509 2152 636 2216 nautae
660 2149 765 2216 remis
788 2169 935 2219 nervosa
958 2154 1086 2236 daturi,

216 2261 400 2346 Dandaque
424 2257 520 2326 navis
543 2256 661 2342 aquis:
685 2259 822 2342 quando
846 2260 965 2328 laxare
989 2263 1152 2329 rudentes

216 2374 406 2439 Nautarum
431 2367 562 2435 circum
587 2370 783 2434 remoratur
807 2387 893 2436 cura
917 2373 1061 2439 volutos,

153 2484 156 2490 ’
218 2477 407 2565 Impatiens
430 2477 519 2542 alter
542 2493 660 2540 casum
683 2474 859 2542 maledicit
882 2497 1051 2562 amarum,

214 2584 366 2655 Funibus
389 2581 572 2669 implicitos
595 2580 707 2648 nitens
730 2581 916 2652 dissolvere
941 2589 1058 2668 nodos,

216 2692 372 2761 Infremit
395 2693 495 2771 alter,
519 2692 555 2757 et
578 2707 639 2756 ore
663 2689 804 2776 procaci
824 2690 947 2776 jurgia
967 2693 1094 2778 jactat,

215 2804 328 2889 Atque
352 2797 450 2886 operi
474 2796 607 2877 miscet,
630 2799 833 2883 coelumque
857 2803 1032 2888 Deumque
1056 2801 1248 2887 redarguit.

214 2912 298 2977 Fert
320 2905 454 2975 animus
479 2905 617 2971 tandem
641 2904 735 2972 ferro
758 2905 954 2974 rescindere
979 2910 1087 2978 funes.

214 3015 340 3086 Libera
363 3017 446 3082 tunc
469 3011 567 3079 navis
589 3030 738 3099 praepes
761 3011 909 3082 feliciter
933 3002 1019 3084 alis

214 3131 401 3198 Remorum
424 3141 563 3193 cursum
586 3120 745 3190 stridenti
769 3123 907 3209 perficit
930 3126 1032 3195 unda.

215 3235 374 3324 Quisquis
397 3238 435 3303 at
457 3232 632 3302 insolitum
655 3250 771 3300 secum
795 3234 886 3302 hunc
909 3233 943 3301 in
967 3240 1083 3306 mente
1107 3235 1258 3307 revolvit

214 3349 396 3428 Eventum,
421 3347 456 3412 et
480 3341 568 3410 varii
591 3359 709 3409 sensus
731 3343 938 3427 praecordia
961 3348 1105 3413 terrent.

215 3457 300 3524 Sunt
322 3452 430 3540 aliqui
454 3456 576 3520 nautas
599 3449 658 3535 qui
681 3448 837 3517 indoctos
860 3451 1003 3521 crimine
1017 3455 1177 3542 culpant.

213 3561 328 3642 Quint
351 3578 495 3629 noscens
518 3563 622 3643 artes,
647 3556 836 3643 animisque
861 3564 913 3626 est
935 3566 1099 3649 prompta
1122 3561 1302 3648 juventus,

213 3671 257 3739 Et
282 3673 414 3739 temere
438 3688 624 3754 numquam
650 3666 723 3734 visa
746 3670 798 3733 est
821 3667 885 3734 hoc
909 3688 1052 3738 munere
1076 3670 1185 3756 fungi.

212 3778 362 3847 Maxima
384 3797 478 3864 pars,
500 3795 647 3862 quorum
672 3775 793 3841 melior
817 3776 997 3862 sententia,
1021 3781 1170 3848 clamat:

212 3887 284 3955 Non
308 3891 406 3954 caret
429 3888 495 3954 hoc
520 3890 608 3965 astu,
631 3902 733 3967 quem
758 3882 895 3968 obliquo
919 3889 1061 3971 pectore
1085 3890 1240 3972 nectunt,

211 3994 274 4072 Qui
298 3992 448 4080 patriam
473 3990 618 4078 cupiunt
641 3989 755 4057 animo
779 3992 934 4059 lacerare
958 3995 1118 4075 nefande,

211 4101 427 4186 Francigeno
451 4104 488 4168 et
510 4098 623 4166 studio
648 4101 874 4180 temerantur,
898 4105 933 4166 et
956 4106 1033 4168 arte
1056 4106 1231 4189 proterva.

167 4293 171 4301 Ι
212 4209 349 4279 Scilicet
372 4212 408 4276 et
431 4206 553 4274 dubios
577 4208 708 4290 augent
730 4206 766 4271 in
789 4209 932 4292 pectore
958 4213 1081 4277 motus.

212 4318 307 4387 Nunc
330 4318 483 4398 fortuna,
506 4313 665 4400 vicesque
689 4314 772 4401 poli,
795 4317 886 4382 mala
909 4321 945 4382 et
967 4316 1083 4385 omina
1106 4337 1234 4390 rerum.
