3382 5362
739 416 938 484 -128-

318 559 387 626 Aut
411 560 545 645 agitent
570 562 767 627 malesuada
790 560 840 627 sui
861 560 1000 646 jejunia
1025 561 1164 643 ventris,

320 670 362 736 ut
385 687 487 754 quem
512 669 615 736 dente
644 673 765 736 vorent
789 669 937 736 nemoris
960 689 1023 756 per
1047 669 1169 756 pervia
1192 660 1370 754 quaerant.

203 772 212 780 “
319 777 395 843 Heu
418 776 537 843 Patria
561 775 695 843 infelix!
721 777 875 862 quisnam
900 779 997 845 dolus
1019 777 1196 864 improbus
1220 778 1335 861 urget,

320 885 458 960 Quaeve
481 883 589 954 oculis
612 883 756 971 trepidis
779 885 886 951 nubes
909 883 1104 953 obvolvitur
1128 884 1223 952 atra!

318 995 393 1062 Heu
417 993 528 1080 pietas
552 992 746 1078 maledicta,
771 993 924 1060 homines
947 1014 1035 1080 quae
1059 993 1201 1081 pertulit
1225 992 1308 1061 istos

318 1099 458 1183 Vivere,
481 1121 558 1168 cum
583 1101 699 1168 decies
723 1100 845 1167 morito
869 1121 932 1187 per
955 1099 1100 1168 crimina
1123 1101 1216 1169 letho

317 1208 513 1275 Debuerant
536 1209 636 1276 dedi:
662 1207 816 1276 decrevit
841 1210 972 1274 Numen
997 1210 1039 1274 ab
1062 1210 1144 1289 alte,

319 1315 417 1380 Falsa
439 1316 530 1400 quod
555 1316 688 1382 elueret
712 1314 834 1399 dignas
857 1314 1040 1382 clementia
1063 1334 1200 1402 poenas

300 1422 401 1486 'Nam
426 1424 521 1488 tenet
544 1420 678 1488 hostilis
701 1421 838 1488 strictos
861 1420 991 1506 injusta
1013 1426 1166 1509 potestas

317 1527 551 1614 inquisitores
574 1531 741 1609 sanctum,
765 1533 1019 1615 augustumque
1045 1527 1203 1611 tribunal,

316 1637 369 1703 Ad
393 1656 540 1722 quorum
564 1655 686 1703 nomen
712 1638 857 1723 populus
880 1637 1063 1706 formidine
1086 1639 1203 1724 pallet.

313 1743 368 1811 Sic
391 1747 504 1814 scelus
527 1746 601 1830 egit
625 1749 725 1812 atrox
749 1747 791 1811 de
815 1745 882 1813 illis
906 1746 1043 1832 impune
1068 1744 1298 1832 triumphum

316 1855 460 1939 Jamque
484 1854 572 1941 petit
596 1855 723 1921 lectum
749 1853 840 1920 curis
864 1853 1017 1938 agitatus
1040 1852 1174 1922 acerbis

315 1960 489 2044 Pisaurus
512 1981 577 2031 nec
600 1964 704 2047 grata
728 1961 825 2028 fuere
849 1961 975 2028 cubilia
998 1962 1095 2029 lasso

316 2070 469 2138 Plurima
493 2070 643 2146 volventi
666 2071 792 2157 stirpes
814 2070 999 2157 tribulique
1025 2071 1197 2154 videntur,

315 2181 406 2256 Quae
431 2180 546 2248 fuerat
569 2181 741 2266 quondam
765 2178 958 2247 laevissima
982 2182 1061 2248 lana
1083 2181 1210 2266 quieto.

313 2291 457 2373 ‚lamque
482 2307 590 2371 aeger
615 2287 710 2354 vario
734 2307 897 2354 curarum
922 2290 1064 2356 fluctuat
1087 2293 1196 2371 aestu,

314 2398 407 2471 Quae
432 2398 581 2462 renuunt
605 2395 712 2462 oculis
735 2396 853 2463 dulces
876 2396 1056 2463 infundere
1080 2414 1224 2465 somnos

316 2507 405 2572 Ecce
429 2502 504 2585 sibi,
528 2502 678 2569 tenebris
702 2501 893 2587 disjunctis
917 2505 1032 2589 fulgor
1055 2505 1176 2581 anhelo

312 2609 521 2697 Improvisus
544 2612 652 2690 adest,
675 2609 880 2693 squallentia
903 2615 1047 2696 pectora
1071 2614 1200 2693 turbat,

310 2721 423 2804 Atque
448 2715 599 2804 resupini
624 2715 758 2802 patriae
784 2717 989 2804 trepidantis
1012 2719 1129 2803 imago

311 2829 390 2893 Sese
415 2828 515 2893 offert
539 2824 655 2892 oculis
681 2829 717 2890 In
742 2827 832 2891 nudo
857 2845 1028 2895 marmore
1052 2828 1170 2894 sedet:

311 2933 491 3002 Deciderat
515 2934 696 3019 pulchrum
721 2934 808 2999 flexo
833 2935 876 2999 de
901 2934 1031 3002 vertice
1056 2938 1198 3014 sertum,

309 3046 356 3109 De
381 3040 602 3125 manibusque
629 3039 757 3107 micans
781 3045 969 3127 sceptrum,
991 3045 1217 3129 spretumque
1238 3041 1393 3128 jacebat.

311 3149 475 3217 Discissae
500 3150 633 3215 vestes:
659 3147 766 3215 oculis
791 3148 956 3215 fundebat
980 3151 1118 3218 obortas

264 3322 266 3327 .
309 3255 490 3342 Suspirans
513 3256 694 3338 lacrymas,
717 3258 752 3320 et
776 3253 825 3322 sic
849 3259 901 3321 cst
925 3274 985 3324 ore
1009 3258 1168 3342 loquuta:

309 3366 401 3440 Quae
425 3382 515 3430 nova
539 3361 717 3430 barbaries
740 3363 881 3427 dextras
904 3365 1093 3431 extendere
1118 3363 1237 3432 foedas

308 3477 344 3538 ln
370 3491 424 3538 me
449 3490 539 3538 nunc
563 3471 679 3552 audet,
705 3469 855 3536 tenebris
879 3473 1062 3539 obvolvere
1087 3471 1199 3540 caecis

308 3577 449 3645 Lumina
472 3580 590 3644 nostra
613 3575 721 3661 cupit,
744 3595 833 3660 quae
858 3580 927 3644 tam
952 3579 1078 3647 fulsere
1104 3599 1165 3666 per
1195 3599 1302 3648 annos

309 3690 520 3766 Innumeros
543 3702 668 3770 rapere
693 3684 728 3750 et
753 3681 834 3749 mihi
860 3684 1070 3770 virginitatis
1093 3689 1282 3755 honorem?

310 3797 358 3859 Tu
382 3791 541 3874 maciem,
564 3791 717 3871 Pisaure,
741 3811 874 3858 meniu:
900 3801 937 3861 tu
963 3796 1095 3882 respice
1120 3799 1223 3880 longo

308 3902 407 3967 Fletu
432 3904 651 3985 consumptos
675 3902 802 3982 oculos,
825 3923 909 3987 quos
933 3908 1035 3989 gutta
1058 3903 1196 3971 cavavit

308 4006 525 4093 Ingeminata
548 4005 643 4088 mihi,
666 4009 870 4094 confixaque
895 4013 1037 4078 vulnera
1061 4031 1163 4078 corne

307 4117 455 4183 Pectora
477 4113 504 4180 si
529 4113 655 4199 gladiis
678 4115 818 4183 foedata
842 4117 1020 4186 hostilibus
1043 4122 1166 4199 essent,

307 4225 434 4289 Pacato
458 4223 637 4288 toleranda
660 4221 751 4289 foret
774 4241 849 4290 sors
871 4223 1028 4311 improba
1051 4228 1158 4292 vultu.

305 4329 366 4395 Ast
390 4327 567 4416 quoniam,
589 4348 675 4415 quos
699 4327 764 4396 ista
788 4349 908 4397 manus
930 4332 1070 4399 donavit
1094 4334 1234 4416 honore,
