3382 5362
663 395 839 460 ...73-

232 538 390 624 lngemit,
415 543 449 606 et
473 543 568 606 tanto
593 537 763 625 premitur
787 555 991 604 succurrere
1015 538 1133 607 luctui.

231 646 436 729 Cornelium,
459 652 494 713 et
518 646 698 713 Pisaurum
721 646 849 729 absque
875 646 942 712 ullo
967 645 1111 715 crimine
1135 646 1229 714 cives

230 752 420 820 Demittunt
442 758 601 839 questum
626 754 668 820 de
692 750 859 819 seditione
884 754 1075 820 scelestum.

231 864 374 948 Jamque
398 860 623 948 Bonaepartis
646 860 768 928 moesti
793 858 943 927 tentoria
967 860 1092 943 visunt,

231 968 370 1054 Sistunt,
394 974 497 1054 atque
522 967 617 1036 dedit
640 967 803 1034 Pisaurus
826 969 869 1034 ab
893 986 953 1036 ore
977 970 1140 1055 loquelas.

230 1075 397 1152 Quidnam
421 1075 455 1142 in
480 1082 514 1143 te
538 1073 679 1143 sceleris
702 1081 817 1143 sontes
840 1074 1073 1143 commisimus
1097 1076 1203 1143 autel

230 1186 319 1260 Quot
337 1182 486 1268 juvenes
509 1184 638 1251 audere
664 1181 697 1248 in
720 1181 854 1268 praelia
878 1181 1026 1251 vidimus
1049 1183 1167 1252 acres!

230 1295 301 1361 Vos
323 1311 459 1378 quoque
479 1291 568 1379 jam,
591 1290 734 1359 Venetis
757 1310 846 1376 quae
870 1289 915 1358 sit
938 1291 1089 1374 fortuna,
1112 1289 1237 1359 videtis

229 1401 320 1468 Vrbs
342 1399 485 1486 antiqua
507 1401 601 1468 labat
624 1402 739 1467 tantos
761 1398 939 1466 dominata
961 1419 1025 1486 per
1049 1418 1165 1469 annos.

229 1505 360 1576 Siccine
384 1506 558 1576 amicitiae
583 1505 782 1576 monstratis
795 1507 949 1574 loedere
972 1506 1095 1576 nobist

230 1617 362 1686 Siccine
386 1616 553 1687 sollicitae
578 1619 710 1684 vosmet
733 1615 935 1686 succurritis
958 1617 1071 1687 Vrbi?

230 1728 325 1794 Nunc
349 1728 471 1794 crema
494 1725 636 1793 armatis
659 1723 826 1807 manibus,
849 1744 938 1794 nunc
962 1726 1079 1794 Brixia
1103 1725 1227 1808 vestris

231 1832 374 1921 Cogitur
397 1832 583 1901 Adriacum
607 1835 780 1920 deponere
803 1833 913 1902 libera
937 1855 1071 1906 nomen.

230 1944 327 2011 Anne
350 1939 413 2011 tibi
437 1942 551 2011 luerat
574 1943 671 2010 labor
694 1944 877 2028 explorare
901 1943 983 2030 quid
1007 1949 1117 2033 optes,

230 2052 273 2120 Et
296 2049 374 2133 suit,
397 2067 417 2116 o
441 2053 627 2136 Bonapam,
650 2055 711 2118 tua
730 2049 829 2135 jussa
852 2070 1033 2138 capessere
1056 2051 1239 2121 nostrum?

230 2157 346 2227 Poscis
368 2158 481 2225 adhuc
504 2158 686 2225 nummosi
709 2160 769 2226 sed
793 2177 883 2225 nunc
906 2160 1044 2227 aeraria
1067 2160 1164 2229 nobis

233 2269 301 2335 Vos
325 2269 467 2353 propter
491 2267 645 2333 demulsa
667 2284 791 2353 parum
816 2267 1003 2338 decurrere
1026 2273 1179 2357 possunt.

231 2374 370 2461 Siquid
394 2375 506 2441 adhuc
530 2378 648 2457 restat,
672 2373 769 2442 nobis
792 2377 965 2446 desumier
987 2377 1069 2445 inde

229 2481 443 2550 Praesidium
467 2482 518 2548 las
542 2491 604 2562 est,
628 2485 765 2550 nostrae
789 2503 997 2570 causamque
1021 2485 1151 2553 salutis.

230 2593 305 2657 Heu
329 2607 484 2656 nummos
506 2589 619 2675 poscis
643 2589 718 2676 (tua
742 2609 805 2657 nec
828 2592 999 2661 sententia
1023 2597 1168 2674 nosmet,

230 2694 351 2780 Crede,
375 2697 472 2783 latet)
496 2702 630 2763 nostras
654 2702 692 2762 ut
716 2696 808 2764 vires
831 2699 995 2784 frangere
1021 2700 1139 2787 possis.

230 2809 305 2873 Jam
330 2803 468 2872 memini
494 2803 673 2890 promissa,
695 2802 779 2871 mihi
802 2825 892 2891 quae
916 2826 1000 2876 voce
1025 2808 1163 2890 dedissi,

230 2912 385 3000 Quidque
410 2911 489 2981 boni
512 2913 573 2980 abs
596 2915 631 2979 te
655 2913 817 2998 sperabat
841 2915 1059 3002 Respublica,
1081 2916 1218 3002 quando

230 3020 384 3093 Goritiae
407 3022 540 3089 alterno
565 3024 680 3088 tecum
703 3040 861 3099 sermone
884 3025 1060 3110 loquebar.

234 3133 278 3198 Te
303 3131 431 3218 pudeat
456 3132 608 3198 Venetos
630 3130 769 3199 tandem
794 3131 958 3200 deludere
983 3135 1106 3205 verbis.

231 3242 332 3307 Certa
357 3241 452 3305 errat
476 3242 618 3305 cunctas
640 3238 872 3336 populilnunc
895 3241 988 3309 lama
1010 3264 1074 3332 per
1099 3261 1201 3312 aures

230 3347 310 3415 Esse
335 3345 474 3433 quidem
498 3347 611 3415 Gallos
635 3345 750 3413 damni
774 3347 969 3417 irritamina
991 3353 1092 3420 tanti.

232 3456 302 3526 Nec
326 3460 421 3525 vetat
445 3457 515 3524 ulla
537 3457 641 3524 fidem
665 3475 740 3524 res:
765 3476 804 3526 re
828 3460 1066 3531 convincimur
1089 3463 1177 3551 ipsa.

235 3567 279 3633 At
302 3566 477 3651 Bonapars
500 3581 620 3631 saevos
643 3566 761 3633 oculos
785 3565 933 3636 vibravit
957 3569 992 3637 in
1016 3571 1103 3654 illos,

230 3671 367 3758 Colligit
392 3692 429 3741 os
452 3671 596 3753 rabiem,
619 3676 759 3758 torquet
784 3674 834 3741 vis
857 3695 963 3745 caeca
986 3680 1124 3758 luroris

231 3780 386 3847 Perfidus
410 3784 445 3848 et
469 3782 622 3865 linguam
648 3801 749 3849 voces
772 3783 927 3854 dissolvit
950 3789 985 3855 in
1009 3789 1115 3857 istas«

231 3889 324 3973 Ergo
348 3886 407 3973 qui
431 3894 503 3957 toto
527 3909 630 3974 reges
653 3892 848 3959 tremefecit
870 3893 905 3960 in
929 3899 1026 3978 orbe,
1101 3906 1110 3959 1

229 3997 336 4062 Ferre
360 3999 475 4081 potest
497 3995 610 4063 animo
636 4000 742 4064 verba
765 3999 851 4067 haec
875 4003 1006 4070 lasciva
1030 4005 1179 4073 sereno?

231 4103 302 4170 Non
327 4122 395 4187 ego
420 4123 525 4170 causa
549 4104 642 4187 mali,
665 4107 779 4184 iuerat
803 4111 1022 4196 Respublica,
1047 4119 1201 4181 nostrum

232 4208 360 4276 llbnuit
384 4211 562 4292 auxilium,
586 4212 666 4279 dum
691 4214 823 4280 animus
847 4224 1027 4302 praestare
1052 4223 1199 4288 volebat.

232 4315 425 4400 seditionis,
449 4316 509 4400 ait,
534 4322 686 4388 maculas
709 4340 771 4388 our
794 4325 939 4392 crimine
964 4329 1106 4396 Gallos?
