3382 5362
740 435 937 504 *126*

319 579 457 666 Siquid
482 601 549 666 ego
574 581 760 648 innumeris
784 598 891 666 prope
916 577 1071 645 laudibus
1093 580 1221 648 addere
1246 583 1385 665 vellen,

318 698 393 764 lam
418 694 536 762 videar
561 695 712 762 tumidus
735 693 849 781 potius
872 693 1062 777 decerpere
1087 695 1242 762 multum.

320 805 488 890 Tempora
511 803 599 871 dura
623 806 718 889 leget
742 799 884 869 sinceris
909 798 1036 866 tradita
1059 799 1197 887 scriptis
1232 858 1235 863 ,

319 911 518 992 posteritas
541 915 737 996 sortemque
761 893 855 976 tuam
880 907 1018 975 deflebit
1042 906 1216 996 iniquam3

321 1020 387 1086 Sed
411 1038 546 1105 quoque
571 1023 718 1104 cogetur
743 1037 843 1085 veras
869 1017 1063 1084 concedere
1086 1018 1215 1084 laudes.

322 1134 370 1197 En
396 1129 555 1199 imitabor
580 1151 647 1216 ego
671 1147 882 1216 generosum
909 1131 1029 1213 pectus
1052 1147 1168 1195 amore

322 1240 489 1325 Impulsus
512 1239 668 1325 patriae:
696 1240 808 1304 vestes
836 1238 871 1302 et
895 1233 1031 1301 murice
1055 1232 1191 1317 tinctas,

294 1352 309 1410 ,”
325 1347 376 1411 Ex
399 1343 620 1429 humerisque
644 1344 767 1410 stolam
791 1345 949 1408 auratam
973 1340 1146 1425 deponere
1169 1348 1349 1429 promptus

323 1453 351 1519 O
374 1450 505 1518 utinam
529 1449 644 1517 cuncti
669 1452 826 1536 spectata
851 1448 1010 1533 exempla
1033 1453 1232 1531 sequantur,
1273 1540 1276 1545 ι

323 1563 366 1626 Ε1
390 1560 472 1626 dent
495 1562 617 1645 sponte
641 1577 714 1638 sua,
739 1557 830 1641 quod
856 1554 905 1621 vis
932 1556 1090 1622 maletida
1113 1556 1278 1644 requirit!

324 1666 379 1734 Sic
402 1665 463 1747 ait,
486 1670 522 1732 et
545 1670 666 1732 Patres
690 1664 811 1731 sedilia
838 1663 993 1749 linquere
1017 1666 1140 1731 suadet

324 1773 536 1860 Praecipites
561 1778 642 1839 tunc
666 1791 821 1840 convexo
847 1790 914 1839 nox
938 1771 1079 1840 humida
1102 1774 1213 1854 coelo,

326 1885 369 1951 Et
392 1901 481 1968 quae
505 1879 613 1948 oculis
637 1881 782 1947 fundunt
807 1880 957 1947 labentia
980 1882 1106 1967 sydera
1130 1899 1275 1949 somnos.

325 1993 414 2059 Ante
438 1993 566 2070 tamen,
590 2008 692 2073 quam
717 1992 848 2056 moesta
873 1989 972 2056 [lucis
995 1988 1187 2076 penetralia
1210 1988 1376 2076 linquant,

328 2102 408 2166 Fert
431 2097 503 2163 sine
524 2095 606 2181 jure
631 2099 774 2163 Petrum
798 2097 900 2164 firmo
924 2097 972 2164 sic
996 2099 1101 2165 corde
1126 2098 1304 2165 voluntas:

326 2208 425 2277 Haud
450 2206 519 2271 ulla
543 2203 732 2290 impediant
757 2204 951 2272 venientem
976 2206 1152 2273 obstacula
1176 2207 1322 2288 Gallum,

328 2317 370 2380 llt
393 2311 495 2381 citius
517 2311 634 2378 classis
658 2331 722 2397 per
747 2330 853 2396 aquas
877 2312 994 2378 adfixa
1017 2314 1180 2380 recedat:

330 2426 435 2506 Inque
459 2437 537 2485 suas
562 2418 701 2491 mittant
724 2423 905 2486 numerata
927 2418 1099 2505 stipendia
1124 2425 1235 2486 terras

329 2526 495 2612 Illyricos,
519 2528 713 2611 pubemque
737 2526 841 2592 armis
864 2526 1053 2612 animisque
1079 2525 1286 2595 timendam:

329 2634 481 2714 Maxima
505 2635 695 2700 consultum
722 2636 842 2699 Patres
868 2638 965 2700 vocet
988 2636 1069 2701 aula
1092 2635 1302 2717 frequentes

330 2745 412 2810 Cum
437 2740 585 2827 primum
610 2741 701 2807 celso
725 2738 834 2805 niteat
857 2743 916 2807 lux
940 2740 1091 2808 crastina
1115 2742 1224 2808 coelo.

332 2852 386 2920 Sic
410 2852 477 2918 erit
501 2850 575 2937 ipsa
598 2852 687 2916 salus
711 2851 853 2917 maturis
876 2851 1009 2918 credita
1032 2852 1137 2918 scitis

333 2962 427 3026 Haec
451 2958 558 3043 igitur
583 2961 714 3039 Patres,
737 2976 797 3043 spe
825 2958 1036 3040 discedente,
1060 2960 1221 3026 timentes

334 3064 484 3151 Ancipiti
508 3063 747 3133 Condulmerio
773 3067 934 3133 mandata
959 3066 1151 3148 remittunt,

333 3171 398 3248 Qui
417 3171 504 3257 jam,
527 3172 599 3239 sive
623 3173 700 3239 dolo
726 3176 847 3258 pectus
871 3173 1088 3259 persuaverit
1112 3178 1240 3257 actum,

334 3281 399 3346 Seu
424 3278 473 3346 sic
497 3277 730 3365 praecipitans
755 3299 943 3365 pravorum
964 3280 1109 3365 jusserit
1133 3282 1249 3362 ardor,

333 3387 503 3470 Pleraque
527 3385 625 3470 jussa
649 3390 725 3452 ater
749 3386 850 3453 sactis
873 3393 1103 3472 praevenerat
1127 3393 1217 3456 ante.

335 3497 472 3560 lnterea
495 3495 695 3560 malesuada
718 3494 852 3576 cultore,
875 3514 965 3579 quae
991 3515 1117 3580 inagna
1140 3498 1304 3579 minatur,

336 3599 579 3685 Promittitque
603 3600 679 3683 sibi,
703 3601 862 3688 concepit
885 3603 1013 3687 gaudia
1037 3609 1172 3670 mente:

336 3706 427 3773 Fidit
451 3707 542 3775 enim
569 3713 685 3775 tantae
710 3709 870 3794 praeberi
894 3711 1049 3795 praemia
1073 3709 1213 3793 fraudis,

337 3817 430 3891 erae
454 3816 602 3901 spondet
627 3819 802 3901 Boriapa1·s
826 3821 988 3903 praedam
1013 3818 1184 3904 petiturus
1208 3819 1382 3906 opimam:

337 3924 447 3989 Caeca
470 3924 507 3988 at
531 3920 697 3989 avarities
722 3921 834 4009 pejori
859 3923 1014 3991 illuditur
1038 3930 1125 3992 astu.

338 4029 392 4096 Sic
417 4032 543 4114 Lupus,
567 4032 602 4094 et
627 4030 757 4114 Vulpes
780 4033 952 4114 quondam
977 4038 1116 4100 versuta
1140 4037 1287 4101 Leonem

338 4135 548 4221 Adsequitur
572 4135 733 4220 comitem
759 4139 921 4222 praedae,
945 4143 978 4205 et
999 4139 1073 4224 Jam
1098 4144 1261 4209 mandere
1285 4149 1421 4230 captam

340 4246 445 4309 Dente
471 4241 602 4309 inhiant
626 4242 749 4310 avido:
775 4248 828 4310 ast
853 4244 955 4311 iactis
978 4248 1047 4314 Leo
1071 4247 1227 4333 partibus
1250 4270 1384 4319 ornnem

340 4347 501 4435 Adripuit
525 4350 691 4435 praedam
712 4348 849 4436 jactans
875 4350 942 4417 vim
967 4351 1000 4417 in
1025 4371 1171 4442 corpore
1195 4375 1386 4425 summam:
