3382 5362
892 394 1070 459 -36-

461 535 636 622 Signiferi,
659 544 762 625 atque
787 539 857 621 alii,
879 541 937 626 qui
963 539 1128 610 nobiliore
1151 545 1341 627 sequuntur

460 645 549 713 Ante
575 650 701 714 Ducem
727 649 915 717 taurulatu:
942 660 1100 718 evectum
1124 648 1259 735 suspice
1287 651 1435 715 tectum:

459 758 601 824 Vellera
624 759 788 828 coccineo
812 767 975 828 contexto
999 761 1111 829 seriei
1134 762 1192 827 iilo

460 865 550 931 Lene
576 870 699 951 tegunt
725 868 806 936 tecti
832 887 1042 937 curvamen:
1067 870 1184 935 navita
1208 870 1315 934 nubes

460 975 711 1060 Exploratmus
734 977 856 1045 <inbias
880 966 1028 1059 vestigia
1051 978 1147 1046 ducit

458 1086 525 1148 Per
550 1087 691 1166 tectum,
716 1087 930 1172 tempestatis
953 1106 1042 1171 quae
1065 1086 1165 1170 signa
1188 1084 1373 1163 minentur,

459 1191 528 1255 Aut
552 1190 672 1258 haeret
699 1196 787 1259 rnalo
813 1200 871 1261 tua
895 1194 1006 1277 signa,
1029 1217 1049 1260 o
1075 1198 1201 1274 ituree,
1228 1189 1366 1272 serenti,

459 1297 553 1371 tiriae
578 1298 712 1366 tiuitant
735 1303 856 1368 tenues
879 1301 976 1368 varie
999 1302 1151 1388 crispata
1175 1321 1237 1385 per
1261 1317 1374 1364 auras.

457 1405 551 1469 Intus
574 1405 607 1471 in
631 1409 767 1475 excelsa
792 1409 931 1493 resides,
955 1411 1024 1476 dux
1051 1409 1210 1489 maxime,
1233 1403 1353 1493 puppi,

458 1514 609 1581 Candida
632 1516 687 1582 cui
715 1517 817 1584 vestis
841 1517 989 1584 radianti
1014 1516 1192 1583 internitet
1215 1532 1322 1580 auro:

460 1622 575 1689 Pileus
598 1628 633 1690 et
657 1625 840 1709 Phrygius,
863 1625 971 1712 capiti
994 1632 1171 1709 potionata
1194 1640 1334 1702 corona,

459 1739 496 1802 In
520 1736 671 1822 speciem
695 1756 802 1804 cornu
827 1745 1066 1805 ornamentum
1090 1737 1203 1805 nobile
1227 1735 1344 1813 donat,

459 1845 531 1921 Quo
555 1846 683 1930 pendet
708 1847 824 1912 velans
848 1864 949 1913 aures
973 1844 1173 1914 tenuissima
1195 1845 1275 1912 tela.

460 1954 542 2020 Inde
568 1955 731 2022 Oratores
754 1954 939 2039 fungentes
963 1974 1106 2023 munera
1130 1957 1277 2037 Regum,

459 2058 522 2135 Qui
547 2066 704 2146 pangunt
728 2061 818 2129 inter
842 2081 903 2129 nos
927 2063 1127 2130 continuata
1151 2079 1213 2147 per
1238 2058 1328 2143 ipsos

458 2168 612 2234 Foedera
637 2169 823 2253 amicitiae,
847 2172 997 2238 retinent
1021 2169 1180 2238 subsellia
1203 2166 1355 2234 circum:

458 2276 603 2343 Caetera
627 2278 845 2363 subsequitur
871 2279 984 2365 patrio
1010 2285 1092 2363 toga
1115 2275 1237 2345 nobilis
1260 2277 1365 2351 ostra,

457 2383 570 2467 Atque
595 2385 788 2465 Senatores,
813 2386 1020 2472 Ramnesque
1045 2383 1166 2451 simul:
1190 2401 1289 2448 sacer
1312 2384 1416 2463 atque

457 2492 698 2574 Presbyterum
723 2498 854 2575 coetus,
877 2496 1045 2560 redeunte
1069 2511 1191 2558 norem
1218 2487 1291 2554 vice
1315 2485 1350 2551 in
1374 2503 1492 2566 annos,

459 2597 563 2663 Sacra
587 2598 748 2666 litaturus
771 2601 937 2668 solemnia
960 2601 1075 2682 litore,
1099 2615 1245 2686 pompae

458 2705 694 2789 Splendidiore
719 2710 824 2776 <loeus
847 2710 998 2776 donatmt
1022 2708 1148 2774 lumine
1174 2710 1292 2773 testae.

458 2813 517 2879 Est
542 2813 636 2879 locus
659 2818 695 2881 et
718 2816 833 2897 remis,
856 2815 979 2901 spritum
1003 2817 1111 2882 undas
1133 2813 1318 2892 scinderet,
1341 2815 1445 2893 atque

457 2921 526 2985 Hos
549 2922 643 3006 capit
668 2930 811 2989 curmae
836 2927 970 2990 tantum
996 2945 1076 3009 pars
1099 2925 1216 2989 intima
1240 2920 1345 2987 navis.

456 3025 511 3092 Bis
534 3033 672 3094 eentum
693 3029 852 3114 juvenes,
876 3031 998 3116 ‹pritms
1021 3032 1118 3098 aunt
1141 3030 1255 3116 gloria
1280 3027 1380 3107 vires,

457 3134 588 3220 (urique
614 3137 732 3218 latent,
757 3142 873 3206 clauso
898 3139 989 3206 intus
1013 3160 1074 3225 per
1098 3139 1209 3226 spatia
1234 3136 1348 3222 onmia
1372 3149 1521 3212 recessu,

456 3245 522 3309 Per
546 3245 676 3329 pandas
700 3250 753 3311 ter
777 3252 911 3333 septem
935 3255 1082 3333 utraque
1108 3268 1150 3315 ex
1175 3252 1275 3333 parte
1299 3245 1467 3309 fenestras

457 3354 522 3417 Ter
545 3353 662 3433 denos,
687 3353 904 3440 bissenosque
929 3355 1110 3441 exagitare
1136 3354 1274 3423 lacertis

456 3459 615 3527 Nervosis
639 3481 763 3544 remos,
787 3483 908 3549 spuma
932 3463 1156 3531 (antoninus
1179 3461 1287 3529 anulis.

456 3569 736 3636 Conconritantur
760 3591 836 3638 eam
861 3591 963 3639 cursu
988 3573 1175 3638 smnulante
1200 3570 1370 3648 triremes,

455 3678 548 3750 tiriae
574 3677 727 3762 pamlunt
752 3678 889 3761 vexilla,
912 3679 1113 3765 quibuscum
1139 3680 1257 3745 ludere
1281 3676 1403 3744 creatas

455 3779 604 3848 Diversis
628 3789 790 3853 ventum:
816 3787 956 3873 stipanti
981 3791 1085 3872 atque
1110 3786 1229 3853 ordine
1254 3788 1397 3851 ovantes

455 3888 683 3958 Circumstant
708 3891 796 3959 aliae
820 3894 921 3978 nigro
946 3897 988 3961 ‹te
1014 3915 1108 3962 nune
1133 3897 1248 3961 colore

455 3997 632 4081 onlong-ae
655 4004 812 4084 cymbae,
838 4022 979 4087 parvam
1003 4023 1091 4088 quae
1116 4008 1280 4088 aptantur
1304 4001 1338 4067 in
1362 4001 1476 4066 rtutmn
1531 4055 1539 4063 ,

455 4106 625 4171 Ducentos
648 4106 798 4173 medium
823 4108 968 4176 convexi
994 4109 1134 4178 tornicis
1157 4113 1287 4192 ortem,

456 4213 717 4296 AEquoreasque
741 4216 860 4283 dornos
884 4217 971 4283 reris
995 4238 1057 4304 per
1081 4219 1220 4285 caerula
1245 4224 1376 4284 nantes.

456 4322 540 4386 Sunt
563 4340 699 4407 quoque
724 4322 876 4409 majores
898 4324 1046 4410 aliptae,
1069 4346 1155 4412 quas
1177 4325 1287 4394 serica
1311 4329 1481 4395 adornant
