3382 5362
731 485 933 550 —141-

307 624 456 693 dumont
478 625 522 692 ad
547 642 648 693 voees
672 624 783 710 pueri,
802 624 1028 712 juvenesque,
1051 642 1228 711 senesque,

307 734 454 802 Garrula
477 732 569 800 etin
593 734 707 800 Gallos
730 735 919 820 spargebat
941 733 1091 801 foemina
1113 735 1290 819 probrum.
1321 745 1324 750 ’

307 840 560 926 Conglomerati
583 839 661 906 hino
685 843 788 925 atque
813 840 891 909 hino
915 843 1055 908 contuso
1075 838 1213 926 agmine
1237 840 1391 911 eurruut.

307 946 429 1017 iurant
452 948 570 1016 uleisoi
594 948 758 1017 concordi
782 967 867 1016 voce
892 950 1055 1016 cadentes

307 1057 493 1140 (Adversus
517 1057 627 1123 iatum
650 1076 728 1142 spes
751 1076 771 1123 o
795 1076 898 1141 quam
923 1076 1011 1122 vana
1025 1058 1046 1143 l)
1070 1062 1222 1142 penates

306 1164 417 1249 Atque
441 1163 622 1232 Jaeobinos
644 1163 769 1230 merita
793 1168 1011 1249 prosternere
1035 1164 1153 1230 caede.

306 1271 393 1338 Hine
416 1272 567 1358 plateam
592 1270 714 1356 linquit
739 1271 863 1357 maj0ri
888 1291 1032 1339 aceensa
1055 1271 1173 1338 lurore

306 1382 419 1447 Turba
442 1379 607 1461 animosa,
630 1379 788 1467 ruitque,
804 1385 953 1464 angusta
978 1378 1034 1446 ubi
1058 1376 1181 1444 semita
1208 1371 1304 1441 ducit

306 1487 358 1552 Ad
383 1505 483 1569 nova,
505 1506 594 1572 quae
618 1488 738 1554 molles
760 1490 882 1554 Patres
904 1491 1075 1567 struxere,
1099 1484 1246 1551 theatra.
1373 1510 1376 1526 =

307 1596 355 1661 Vt
378 1613 473 1662 mare
498 1594 648 1662 ventosis
671 1593 842 1680 agitatum
866 1595 1013 1676 datibus
1036 1595 1151 1660 aestus

307 1704 373 1769 Per
396 1719 492 1783 saxa,
516 1706 552 1769 et
575 1705 694 1770 cautes
718 1703 807 1770 tollit
831 1702 1021 1786 mugitibus
1044 1699 1133 1778 altis,

307 1807 423 1876 Litora
446 1808 504 1894 qui
529 1811 727 1892 exsurdant,
750 1812 862 1892 urbes,
886 1813 1074 1894 nautasque
1098 1807 1297 1884 trementes

308 1916 341 1983 Si
365 1917 455 1984 freta
478 1916 568 1984 forte
593 1920 727 1984 tumens
750 1917 893 1983 nimium
917 1918 1135 2004 pertranseat
1158 1917 1278 1996 arota3

308 2024 363 2092 Sie
387 2024 502 2106 instat,
525 2023 702 2110 pellitque,
726 2029 897 2110 urgetque
920 2045 983 2112 per
1007 2027 1106 2091 areta
1131 2019 1284 2086 viarum:

308 2132 363 2200 Sic
386 2136 485 2200 sonat
508 2131 688 2198 horrendis
712 2132 807 2216 vulgi
831 2133 1038 2200 elamoribus
1062 2130 1194 2208 aether,

308 2241 421 2326 Atque
445 2241 565 2306 domus
589 2243 749 2305 resonant
773 2242 875 2321 altae,
899 2243 1128 2324 resonantque
1153 2236 1327 2314 tabernae,

308 2345 465 2431 Vndique
489 2363 574 2431 quas
598 2345 726 2431 positas
750 2348 852 2430 longo
877 2345 997 2413 ordine
1021 2343 1143 2411 semita
1170 2342 1348 2407 monstrat.

308 2458 414 2521 Tecta
437 2451 525 2540 petit
548 2454 695 2538 populus
719 2452 809 2519 Grisi
831 2453 1053 2540 praenomine
1078 2448 1200 2529 Petri,-

308 2560 441 2628 lnvenit
465 2564 500 2626 et
523 2560 674 2627 clausam
698 2579 868 2646 praesago
893 2562 1035 2629 horrore
1061 2560 1250 2625 tabernam.

308 2671 354 2735 At
375 2668 458 2754 quid
482 2686 548 2735 uon
573 2670 684 2733 tentat
708 2666 848 2734 rabidae
873 2667 1037 2735 violentia
1060 2663 1194 2752 plebis?

308 2774 524 2856 Concutiunt,
546 2792 789 2858 armorumque
813 2774 936 2842 ictibus
960 2775 1048 2842 ostia
1071 2770 1202 2840 erebris

308 2888 383 2951 Jarn
407 2885 567 2970 quassata
591 2890 695 2947 ruunt
719 2881 865 2949 infracto
890 2883 1031 2949 cardine
1056 2887 1191 2948 terrae:

308 2994 420 3077 Atque
445 2992 535 3056 lares
558 2988 659 3055 facile
683 3008 821 3072 gressus
844 2991 1043 3057 referuntur
1067 2990 1111 3054 ad
1137 2989 1266 3052 unetos.

308 3099 388 3175 Quis
411 3097 541 3165 subitas
565 3098 672 3163 eheu!
699 3096 807 3163 furias
830 3097 948 3184 populi
972 3096 1122 3182 explicet
1146 3091 1323 3178 unquam?

308 3206 372 3274 Hic
395 3211 471 3272 erat
494 3203 612 3271 infami
638 3205 812 3273 Gallorum
836 3207 912 3272 labe
936 3209 1086 3284 notatus

309 3316 351 3380 Et
375 3331 470 3379 mens
494 3312 585 3379 illius
607 3312 726 3398 populi
750 3311 975 3398 pervenitad
1000 3327 1112 3377 aures.

309 3422 510 3507 Imprudens
534 3419 586 3485 vir
611 3422 688 3486 erat
711 3418 844 3486 miseris
867 3419 1081 3504 genitoribus
1106 3419 1213 3496 ortus,

307 3528 476 3596 Venditor
500 3526 609 3594 insieii
634 3527 760 3608 fuerat,
785 3528 966 3613 carnisque
991 3527 1120 3594 suillae.

309 3639 385 3721 lpse
409 3654 476 3720 ego
501 3633 643 3702 sortitus
666 3637 869 3701 vendentem
894 3635 978 3701 talia
1002 3640 1135 3721 patrem

312 3744 341 3808 A
364 3742 517 3811 bonitate
542 3739 651 3830 patris
674 3742 789 3808 studui
813 3743 997 3810 deflectere
1022 3758 1220 3825 numquam,

310 3851 424 3935 Atque
449 3847 624 3930 humilem,
649 3852 685 3915 ut
709 3849 818 3934 potui,
840 3848 929 3916 illusi
955 3849 1138 3916 virtutibus
1162 3850 1285 3913 ortum.

311 3955 476 4025 Nobilitas
500 3955 627 4024 etenim
651 3976 783 4039 summo
807 3976 874 4024 non
898 3958 993 4024 duoit
1017 3960 1059 4024 ab
1085 3960 1164 4024 ortu

313 4062 458 4131 Lumina
481 4065 576 4131 clara
600 4063 674 4145 sibi,
699 4065 849 4131 trahite
874 4065 1057 4132 virtutibus
1080 4048 1221 4142 almum,

312 4170 374 4248 Qui
399 4173 475 4239 sace
498 4174 687 4258 spectanda
710 4175 779 4239 late
803 4174 1013 4258 praefulget,
1037 4175 1213 4240 honorem.

308 4281 450 4363 Jamque
475 4278 567 4346 domi
591 4278 779 4360 inveniunt,
802 4283 949 4347 tremulo
973 4280 1031 4366 qui
1056 4283 1159 4347 cordo
1185 4280 1374 4346 tumultum

309 4381 487 4469 Audierat,
510 4386 569 4451 sed
594 4387 719 4452 damna
742 4385 806 4452 sipi
835 4405 900 4453 non
925 4391 1022 4453 tanta
1046 4387 1201 4454 timebat.
