3382 5362
874 397 1051 462 ..74-

445 551 557 631 Vana,
579 553 755 635 proterve,
778 545 872 613 canis
895 564 1036 613 curnam
1062 543 1266 615 mendacia?
1290 545 1392 613 lustis

447 654 668 739 Francigeois
692 654 811 720 modus
835 653 925 718 baud
948 651 1089 718 fallendi
1112 658 1163 719 est
1187 652 1346 742 cognitus
1369 656 1467 722 ullus,

445 765 560 829 Nonne
585 766 693 849 patet,
716 761 806 844 quod
831 763 912 824 avet
936 757 1049 844 potius
1073 778 1134 826 nos
1157 758 1295 828 vincere
1320 762 1434 829 bellot

446 876 523 958 lpsa
546 875 647 958 parat
671 887 787 949 nanee,
809 866 935 952 gladiis
957 868 1167 954 praemuniit
1192 871 1324 948 urbem,

447 982 588 1065 Insuper
612 983 647 1044 et
670 973 805 1062 populis
828 973 957 1058 ignem,
980 980 1083 1060 atque
1106 996 1204 1043 arma
1226 977 1411 1057 ministrat,

447 1091 583 1154 Sternat
607 1089 645 1152 ut
668 1084 792 1151 infesto
816 1084 991 1150 Gallorum
1015 1103 1163 1171 corpora
1187 1088 1292 1153 terro.

448 1195 546 1260 Hand
572 1192 692 1277 ignota
715 1193 857 1277 loquor:
882 1189 1068 1258 constricto
1093 1191 1225 1260 villicus
1249 1213 1329 1262 ense

447 1298 664 1386 Aggredior
688 1299 824 1384 Gallos;
848 1295 991 1382 instigat
1015 1297 1059 1363 ad
1083 1296 1148 1365 ista
1172 1301 1325 1368 Senatus

448 1405 592 1482 Excidii
617 1405 804 1490 mortisque
827 1409 925 1471 sonat
948 1404 1155 1472 clamoribus
1179 1410 1309 1477 aether.

449 1517 541 1600 Ergo
566 1515 646 1580 dum
671 1517 745 1580 tota
768 1515 908 1600 Europa
930 1497 1042 1579 almae
1065 1513 1206 1582 foedere
1230 1515 1325 1603 pacis

449 1623 605 1690 Gaudeat
629 1620 663 1686 in
686 1637 861 1707 praesens
885 1619 1010 1685 Veneti
1035 1638 1123 1686 nova
1146 1622 1280 1708 praelia
1303 1621 1365 1691 soli

450 1732 636 1818 Optabam,
659 1727 867 1814 cupientque
891 1713 1065 1793 audaces?
1088 1727 1221 1797 Gallica
1244 1749 1371 1816 magna

449 1840 538 1906 Gens
561 1854 696 1923 quoque
720 1836 887 1922 percellet
909 1836 1075 1921 populum
1099 1836 1283 1905 formidine
1307 1855 1451 1922 segnem
1464 1856 1473 1924 3

452 1949 557 2013 Posce
581 1942 690 2029 igitur
715 1947 988 2028 bellaeaquae
1012 1942 1057 2009 sit
1079 1943 1250 2012 sententia
1273 1944 1390 2026 menti,

453 2055 504 2121 An
528 2072 650 2141 pacem
674 2049 840 2139 cupiant?
864 2063 1027 2137 reparent
1049 2071 1139 2138 quae
1163 2054 1288 2121 damna
1311 2054 1485 2130 tulerunt;

453 2165 509 2232 Sin
533 2162 655 2245 minus,
677 2165 804 2249 absque
829 2182 926 2230 mora
949 2163 1074 2230 bellum
1098 2169 1296 2253 perterreat
1317 2181 1428 2232 ausos,

454 2272 573 2343 Omnia
598 2270 665 2340 sint
689 2270 784 2339 vobis
807 2270 981 2337 vincentes
1004 2291 1156 2358 aequora
1179 2292 1293 2355 narce,

454 2380 577 2449 Navita
600 2383 795 2448 contemnat
820 2383 939 2445 ventos
963 2381 1049 2446 bene
1073 2385 1194 2448 cautus
1217 2380 1362 2467 iniquos

458 2489 570 2556 Vallet
593 2492 629 2555 et
652 2485 788 2555 invictis
812 2487 941 2554 Vrbem
964 2489 1039 2555 Rex
1063 2487 1222 2574 aequoris
1246 2487 1365 2565 undis;
1467 2480 1469 2484 ’

455 2599 530 2662 lam
554 2595 655 2663 facile
682 2596 833 2661 vestrum
856 2599 978 2680 potero
1003 2595 1204 2681 contingere
1228 2596 1319 2663 litus

456 2701 616 2774 Officiesa
640 2701 734 2783 milri,
753 2701 848 2788 jure,
871 2721 906 2769 se
931 2706 1106 2788 praeferet
1131 2706 1242 2792 unda,

455 2811 568 2880 Hostis
592 2830 652 2878 ero
678 2809 782 2895 vobis,
806 2809 899 2877 ferro
924 2813 1115 2896 populabor
1139 2817 1174 2879 et
1196 2811 1271 2897 igni

455 2922 572 3003 Gazae,
596 2924 697 3004 atquo
722 2919 851 2999 domne,
875 2925 978 3004 atque
1002 2920 1073 2985 alta
1096 2920 1233 3006 palatia,
1258 2917 1369 3007 pisces

456 3032 568 3112 cogar
592 3045 671 3111 ege,
695 3031 732 3091 ut
755 3024 916 3111 primum,
939 3026 1072 3093 calamo
1098 3046 1157 3096 vos
1181 3029 1315 3111 tallere,
1336 3029 1371 3092 et
1394 3024 1506 3090 hamo.

456 3133 606 3215 Dixerat,
630 3136 665 3200 et
688 3131 886 3200 conscendit
910 3150 1047 3216 equum,
1060 3131 1130 3219 'qui
1153 3133 1311 3202 cruribus
1332 3133 1403 3199 alas

458 3243 562 3311 Albus
586 3243 701 3325 habet,
724 3239 876 3306 dicturos
899 3241 1000 3325 plura
1022 3241 1159 3327 aul'ugit
1183 3243 1305 3310 eundo.

457 3355 779 3436 Pneumacaeusque
802 3347 853 3415 illi
876 3367 1011 3431 nomen,
1034 3351 1092 3436 qui
1117 3351 1256 3419 naribus
1279 3351 1395 3436 ignem

458 3458 587 3542 Volvit,
610 3466 645 3527 et
669 3458 805 3546 expirat
829 3458 920 3524 celsa
943 3459 1079 3526 cervice
1103 3462 1280 3547 superbus.

458 3568 613 3639 Crinibus
634 3567 692 3634 ille
716 3566 822 3633 micat
845 3572 1013 3647 strenuus,
1037 3567 1142 3636 micat
1164 3569 1305 3638 auribus
1327 3567 1416 3649 altis,

459 3681 557 3746 Stare
581 3679 655 3745 loco
680 3675 799 3757 nescit,
822 3673 922 3741 simul
946 3679 1049 3760 atque
1073 3697 1193 3745 sonum
1217 3699 1315 3746 arma
1339 3677 1466 3744 dedere

459 3790 506 3858 Vt
531 3786 645 3874 Lupbs
669 3785 835 3852 insontem
863 3783 1000 3851 vincens
1024 3786 1201 3857 lullacibus
1224 3792 1372 3857 haedum

460 3878 749 3975 Exultatlverbis,
774 3898 808 3960 et
828 3891 976 3977 jamjam
1001 3897 1173 3981 protrahit
1197 3919 1342 3985 ungues,

460 4005 536 4072 Fiat
560 4007 597 4070 nt
622 4022 700 4070 esca
724 3999 808 4076 sibi;
834 4003 1008 4086 Bonapars
1031 4003 1074 4069 sit
1097 4006 1203 4090 gestit
1227 4009 1349 4075 eunde.

460 4117 581 4201 Sperat
605 4112 695 4179 enim
721 4109 858 4176 brevius
882 4110 1024 4177 Venetis
1046 4111 1222 4200 imponere
1245 4118 1353 4202 leges

460 4222 561 4298 Queis
584 4238 706 4288 saevus
731 4217 844 4305 rapiat
868 4238 981 4303 gazae,
1005 4238 1197 4307 nomenque
1222 4226 1418 4311 superbum.

461 4333 597 4398 Interea
621 4327 785 4413 armigeri
811 4328 844 4394 io
869 4328 990 4395 mediis
1014 4331 1201 4399 comitante
1227 4340 1369 4402 caterva
