3382 5362
641 390 820 457 ..51-

206 537 312 604 Sacra
335 534 473 621 quidem
497 534 654 603 manibus
677 534 836 602 iurantur
861 553 943 603 vasa
965 533 1130 620 profanis

205 642 420 729 Presbyteris
443 642 561 729 pulsis,
584 642 658 710 diro
685 645 739 711 vol
763 645 905 712 vulnere
931 642 1041 710 laesis

205 754 335 819 Dantur
358 755 394 818 et
416 748 577 818 infandae
601 751 766 837 conjunx,
789 756 824 818 et
847 750 997 819 foemina
1022 750 1136 832 morti,

205 861 268 937 Qui
292 857 394 927 furtis
417 859 547 926 frustra
570 861 711 927 voluere
737 858 902 927 obsistere
926 857 1041 926 Gallis.

206 965 469 1054 conspectisque
494 965 561 1034 illis
584 968 694 1052 pallor
718 965 831 1035 suhito
855 966 965 1034 inlicit
988 985 1061 1047 ora,

206 1076 250 1141 Et
271 1073 336 1142 sihi
360 1073 503 1160 quisque
528 1073 648 1141 timet:
673 1074 881 1161 perterritus
904 1076 1045 1142 advolat
1069 1074 1179 1139 infans

207 1186 244 1248 ln
267 1181 388 1248 matris
411 1180 595 1266 gremium,
618 1181 811 1266 faciemque
835 1181 986 1249 advertit
1010 1180 1044 1247 in
1068 1180 1163 1261 illud,

207 1291 250 1354 Et
273 1290 372 1356 fletus
395 1287 573 1372 geminant
596 1287 719 1369 infans
744 1292 935 1374 materque,
959 1292 1137 1374 paterque.

207 1399 283 1481 lpse
306 1395 454 1476 Athesis,
477 1397 638 1462 Veronae
663 1395 722 1480 qui
747 1396 963 1481 praeterfluit
986 1396 1129 1476 Vrbem,

208 1505 257 1568 En
281 1501 416 1588 gemitu
440 1506 563 1588 captus
586 1522 724 1570 cursum
750 1503 982 1571 obliviscitur:
1007 1520 1135 1589 anceps

207 1613 279 1687 Quo
303 1612 399 1692 fluat,
422 1615 527 1695 atque
552 1630 666 1678 moras
689 1615 829 1697 torpens
853 1610 997 1677 innectit
1020 1611 1055 1676 in
1079 1611 1185 1677 urhe:

207 1721 332 1787 Postea
355 1717 423 1785 iter
447 1716 564 1804 pergit
588 1717 696 1787 tacito
720 1738 798 1788 cum
823 1738 998 1786 murmure
1023 1718 1147 1786 lentus

207 1826 303 1906 Quod
327 1845 438 1912 genus
460 1826 525 1894 hoe
549 1824 725 1893 hominum
750 1828 828 1895 est?
853 1826 1064 1908 hominesne,
1087 1826 1228 1894 feraene

1141 1932 1294 2001 colentes

207 2041 328 2125 Antra,
350 2045 446 2110 tenet
469 2061 558 2129 quae
583 2041 711 2110 Arctoo
735 2041 867 2128 frigore
892 2040 1064 2128 inhospita
1086 2041 1213 2108 tellus?

208 2150 298 2218 Proh
323 2150 454 2237 pudor!
480 2149 515 2216 in
539 2152 678 2217 brutum
695 2169 879 2236 numquam
904 2151 979 2217 sera
999 2148 1147 2237 pessima
1169 2147 1292 2232 saevit,

139 2302 144 2309 -
209 2258 389 2344 impellant
412 2256 475 2324 nisi
500 2232 628 2325 acerita
651 2258 771 2340 fames,
795 2259 1025 2344 alimentaque
1050 2259 1153 2325 nulla.

209 2364 341 2451 Quippe
366 2367 514 2433 Leonem
538 2370 632 2433 amat
655 2366 727 2452 ipse
753 2369 833 2449 Leo,
857 2370 983 2434 Vrsum
1007 2364 1122 2449 diligit
1145 2367 1265 2449 Vrsa,

210 2475 442 2558 Naturamque
466 2493 562 2539 suam
587 2473 741 2558 sequitur
765 2476 840 2541 sera
864 2477 977 2541 hellua
1000 2472 1150 2558 quaevis.

209 2582 271 2647 Ast
294 2581 395 2647 homo
419 2580 621 2666 conspicuos
645 2584 790 2649 naturae
814 2581 939 2650 oblitus
962 2583 1108 2648 honores

210 2690 247 2752 ln
271 2687 397 2754 similes
420 2686 574 2754 homines
598 2688 729 2754 serrum
754 2689 925 2756 convert't
949 2693 1099 2767 acutum,

210 2796 305 2871 Quod
329 2794 394 2862 fuit
417 2794 452 2861 in
476 2798 625 2881 pecudes
649 2796 827 2863 inventum
851 2801 894 2865 ah
918 2795 1052 2881 origine
1077 2793 1200 2881 prima,

210 2904 390 2987 Parvaque
414 2920 518 2969 causa
542 2903 624 2970 satis
646 2902 804 2970 rabidam
828 2924 916 2988 quae
940 2903 1091 2985 concitet
1114 2900 1212 2968 iram.

133 3064 136 3069 .
211 3009 243 3077 Si
268 3008 382 3098 patria
404 3010 544 3078 hostiles
567 3011 698 3078 animos
721 3012 894 3098 concepit,
918 3017 953 3079 et
977 3017 1102 3091 aestus,

211 3120 277 3185 Gur
300 3136 366 3184 non
391 3117 626 3202 Francigenae
651 3120 740 3185 bello
765 3124 941 3187 sectantur
964 3118 1112 3205 aperto?

211 3224 245 3291 Si
268 3223 350 3291 fidei
373 3244 557 3310 numquam
581 3226 767 3311 promissae
793 3228 934 3294 [hedera
957 3226 1067 3305 laesit,
1212 3300 1225 3318 ,

212 3334 277 3399 Gur
301 3333 415 3399 hostes
437 3331 597 3399 miseram
621 3333 789 3418 furtisque
813 3333 979 3418 minisque
1005 3331 1198 3399 lacessunt?

212 3440 278 3508 Sed
301 3443 336 3506 te
360 3452 469 3523 nosse,
492 3439 603 3525 Ilides,
627 3439 772 3506 immitia
795 3443 900 3508 corda
923 3443 1106 3524 negantur,

213 3549 419 3614 Intemerata
442 3545 522 3612 licet
547 3546 761 3632 splendentia
785 3547 914 3615 lumina
937 3548 1067 3614 iumlas

214 3656 285 3721 Hoc
309 3656 522 3720 Fuscarenus
546 3654 716 3738 praetoris
739 3675 880 3722 munero
905 3658 1053 3738 iungens

215 3760 352 3828 Scilicet
375 3760 555 3845 ingemuit,
578 3781 688 3847 nuper
713 3763 769 3828 cui
793 3762 926 3829 credita
950 3782 1034 3830 cura

213 3871 385 3950 Veronae,
408 3868 544 3935 urbium
569 3872 604 3934 et
628 3869 773 3948 illarum,
797 3889 881 3953 quas
905 3868 1069 3955 opprimit
1091 3872 1167 3933 atra

213 3975 466 4060 Francigenum
490 3976 614 4057 rabies
639 3975 902 4061 inconcessoque
929 3977 1051 4044 tirnorc

214 4082 417 4169 Corripitur,
441 4082 604 4167 varioque
627 4084 760 4149 artimus
783 4083 845 4149 sihi
871 4086 1011 4150 fluctuat
1035 4086 1143 4166 aestu,

214 4191 310 4256 Anne
334 4192 597 4275 Bouampartem
622 4190 735 4270 licoat,
759 4192 916 4256 flectetur
940 4195 978 4256 ut
1001 4190 1063 4274 ira,

214 4296 337 4365 Visere
362 4296 540 4378 victorem,
559 4296 740 4383 justosque
765 4299 949 4365 retundere
973 4300 1122 4383 questus.
1150 4377 1154 4381 ‚
