3368 5316
737 423 916 490 ..15-

307 563 458 650 Contigit
475 565 609 633 Italiam
626 569 759 653 petere,
776 569 811 634 et
827 567 1005 636 confracta
1022 571 1204 655 potentum

306 675 396 740 Lora
411 677 637 759 tyrannorum
654 686 749 743 certe
767 674 959 742 meminisse
972 675 1122 762 juvabit.

307 781 464 867 Spernite
482 786 534 850 tot
549 800 659 865 casus,
675 782 871 850 discrimina
888 783 1040 870 spernite
1057 803 1195 851 rerum:

307 889 436 956 Nomen
453 889 500 957 ibi
516 891 568 957 sas
584 895 636 958 est
652 894 804 957 vestrum
820 892 1006 977 pertollere
1023 891 1056 958 in
1074 904 1178 958 astra.

308 998 382 1063 Huc
399 998 538 1064 fortuna
554 1003 667 1080 vocat,
682 1000 895 1084 spondetque
913 998 1068 1083 ingentia
1086 1000 1190 1068 vobis.

308 1104 567 1188 Aggrediamur
583 1124 680 1191 opus,
696 1103 983 1190 demittamusque
1002 1106 1151 1174 timores.

308 1211 403 1277 Talia
420 1231 503 1281 voce
520 1213 641 1296 refert,
656 1213 856 1298 animusque
873 1213 907 1279 in
925 1218 1066 1299 pectore
1084 1217 1197 1283 fervet

308 1319 455 1402 Cunctis,
472 1324 507 1387 et
523 1325 640 1390 torvos
656 1323 850 1391 hilarabant
865 1324 995 1409 gaudia
1012 1324 1135 1391 vultus

308 1426 455 1511 Agmine
472 1430 630 1512 collecto,
646 1435 722 1498 atro
740 1435 776 1499 et
792 1433 905 1498 adhuc
922 1451 1062 1518 aspersa
1078 1450 1214 1512 cruore,

307 1534 446 1603 Liboret
463 1540 568 1622 utque
585 1539 750 1622 homines
766 1540 1075 1626 confringaturqne
1091 1543 1244 1626 potestas

309 1648 400 1711 Dura
417 1650 642 1729 tyrannorum
661 1647 789 1734 (Reges
804 1649 870 1716 hoc
886 1649 1022 1717 nomine
1040 1647 1183 1736 censet),

309 1756 403 1820 Tunc
421 1753 517 1839 operi
534 1772 570 1820 se
588 1755 742 1839 accingit
758 1775 844 1840 gens
859 1759 1033 1823 malesana
1050 1754 1185 1823 minaei.

309 1862 393 1928 Sunt
409 1862 624 1948 superandae
641 1863 757 1948 Alpes,
772 1863 946 1930 horrenda
962 1863 1153 1945 cacumina,
1169 1883 1321 1949 quasque

309 1967 364 2036 Sic
381 1968 495 2055 posuit
510 1970 653 2052 Natura,
670 1974 708 2037 ut
723 1974 986 2057 propugnacula
1002 1971 1098 2038 nobis

309 2076 425 2144 Firma
441 2078 566 2159 forent,
582 2078 696 2145 rabies
712 2081 815 2146 Italos
831 2099 873 2146 ne
890 2079 1020 2147 Gallica
1036 2080 1164 2159 laedat,

311 2187 354 2251 Et
370 2204 413 2251 ne
430 2184 629 2253 barbaricos
644 2185 743 2266 ritus,
759 2205 939 2271 moresque
956 2187 1089 2253 seroces

311 2294 495 2361 Sacrorum
512 2293 660 2360 Druidae
677 2295 835 2362 Ausoniis
851 2285 1111 2362 meditenturin
1128 2294 1230 2361 arvis.

311 2403 372 2467 Ast
388 2402 496 2468 eheu!
517 2402 644 2469 trustra
662 2407 794 2470 montes
810 2407 1032 2488 congesserat
1047 2403 1142 2470 albos
1240 2463 1242 2467 .

310 2508 450 2577 Nivibus
467 2508 611 2576 assiduis
628 2512 778 2576 Natura:
796 2509 971 2596 potentius
987 2529 1068 2577 acer

310 2616 489 2699 Contrivit,
504 2618 694 2702 stravitque
711 2617 775 2684 sibi
791 2617 963 2703 Gallisque
980 2616 1114 2703 priores

311 2728 385 2809 lpse
405 2723 476 2790 vias
491 2728 636 2810 Poenus,
652 2727 910 2812 repetendaque
926 2726 1052 2811 pabula
1068 2724 1199 2810 pandit.

311 2831 448 2898 Scilicet
464 2832 539 2919 ipsa
555 2833 672 2899 furens
689 2832 827 2900 ferratis
843 2832 953 2899 utitur
969 2832 1078 2914 uncis,

312 2942 354 3005 Et
371 2939 526 3007 manibus
543 2940 753 3026 pedibusque
772 2939 862 3006 viam
880 2960 942 3025 per
958 2941 1129 3026 inhospita
1145 2959 1230 3006 saxa

311 3047 450 3129 Sternit,
467 3051 501 3114 et
518 3047 552 3113 in
569 3047 704 3114 Latium
723 3047 953 3132 Harpyiarum
974 3051 1074 3116 turba
1091 3049 1271 3114 redundat.

310 3157 423 3240 Atque
440 3159 516 3222 erat
533 3155 608 3241 ipsa
624 3174 749 3241 parens
765 3158 934 3222 scelerum
951 3159 1121 3224 [becunda
1138 3175 1317 3236 novorum,

312 3266 491 3348 Pravaque
509 3283 572 3349 per
589 3269 723 3332 nostras
739 3263 930 3330 diffundens
946 3264 1078 3330 semina
1094 3269 1216 3331 terras.

311 3370 447 3437 Semina
462 3374 540 3437 sunt
557 3390 670 3452 voces,
685 3390 774 3456 quae
791 3371 960 3458 promptis
976 3373 1116 3440 auribus
1133 3373 1275 3439 haustae

311 3482 353 3545 Et
370 3478 511 3560 victum,
527 3481 631 3564 atque
649 3478 739 3546 viros
756 3479 871 3561 Gallis
887 3485 991 3565 atque
1009 3501 1105 3546 arma
1123 3479 1327 3546 ministrant.

311 3585 495 3652 Libertatis
510 3605 577 3670 ego
595 3606 636 3652 en
653 3606 727 3652 sum
745 3586 840 3654 vobis
856 3586 965 3653 Gallia
983 3587 1120 3668 vindex,

311 3695 461 3778 Vosque,
478 3694 566 3774 Itali,
582 3694 712 3780 pudeat
728 3695 867 3759 taudem
884 3694 1015 3762 servire
1033 3693 1197 3780 tyrannis.

311 3801 463 3886 Namque
480 3820 582 3886 pares
599 3803 729 3866 Natura
745 3801 829 3867 facit
846 3821 906 3868 nos
922 3802 1054 3887 optima
1070 3806 1191 3868 mator.

312 3911 378 3974 Cur
394 3907 497 3994 pauci
513 3908 654 3975 muitist
670 3928 733 3975 cur
750 3909 905 3975 omnibus
921 3909 1071 3995 imperat
1088 3910 1200 3975 unus?

311 4016 363 4081 Ab
381 4018 473 4082 totus
490 4017 647 4102 populus,
663 4018 876 4101 populusque
894 4016 957 4082 sibi
974 4017 1123 4102 imperat
1138 4015 1214 4101 ipsi.
1277 4018 1288 4029 '

312 4110 426 4189 Currit
441 4124 485 4187 ad
503 4124 563 4189 bas
580 4143 692 4205 voces,
708 4142 771 4190 neo
788 4125 934 4209 parvula
950 4126 1053 4190 turba
1070 4124 1245 4205 Italorum,

312 4228 515 4314 Consiliique
533 4230 614 4296 mali
631 4249 769 4298 consors
785 4231 835 4311 fit,
851 4228 956 4296 sumit
972 4235 1007 4297 et
1023 4250 1130 4296 arnna.

313 4335 428 4412 Qualis
444 4338 487 4401 ad
504 4339 656 4404 oblatum
673 4337 785 4404 infans
801 4338 922 4418 currit,
939 4341 973 4403 ot
990 4337 1116 4405 emicat
1133 4338 1258 4403 ardens
