3382 5362
582 1442 585 1446 ,
644 1399 771 1464 LIBER
798 1403 838 1465 ll.

175 1617 269 1682 Esou
293 1617 369 1681 erat
392 1612 468 1700 ipsa
490 1613 575 1696 dies,
598 1613 632 1680 in
657 1633 726 1699 qua
750 1615 956 1699 Respublica
978 1634 1148 1685 summum

219 1724 411 1789 Monstrare
436 1719 618 1807 imperium
643 1721 786 1808 antiquo
811 1723 853 1790 de
879 1741 974 1790 more
998 1723 1130 1792 solebat

218 1829 375 1899 Adriacis
398 1829 433 1897 in
456 1828 565 1916 aquis,
588 1827 668 1896 navi
691 1832 838 1899 collecta
862 1832 998 1899 decora.

218 1937 336 2006 Aurea
358 1935 455 2005 navis
479 1941 566 2020 erat,
589 1942 708 2024 partes
731 1937 881 2025 partitur
905 1938 939 2005 in
963 1942 1093 2020 ambas,

218 2049 371 2132 Desuper
394 2045 428 2112 in
453 2044 579 2113 nitidas
603 2047 691 2114 belle
715 2045 877 2116 distincta
902 2050 1089 2129 columnas,

219 2156 262 2223 Ilt
284 2153 400 2242 specie
423 2157 630 2241 sumptuque
656 2159 750 2222 rates
773 2156 1008 2242 supereminet
1031 2175 1158 2225 omnes.

218 2260 301 2329 Visa
324 2265 376 2330 est
399 2281 594 2349 aequoreae
620 2263 781 2330 Thetidos
805 2264 1040 2350 pulcherrima
1064 2265 1173 2346 sedes

217 2372 283 2436 Per
307 2389 402 2437 mare
427 2369 499 2438 sive
523 2374 644 2438 natans
667 2371 782 2438 aurati
806 2371 917 2456 Regia
941 2371 1038 2453 Solis,

217 2479 329 2562 Atque
355 2477 536 2545 videbatur
560 2478 708 2565 (tantum
732 2480 963 2546 decoraverat
987 2479 1123 2567 aurum)

216 2586 307 2666 Alta,
330 2584 543 2671 triumphata
563 2584 638 2670 jam
663 2585 835 2668 Colchide,
860 2588 1019 2653 Thessala
1043 2586 1154 2672 pinus

216 2695 309 2768 Quae
333 2694 442 2760 l'erret
465 2692 559 2760 fulvo
583 2693 757 2761 radiantia
780 2696 907 2762 vellera
933 2694 1022 2762 villo.

215 2798 302 2867 Hinc
325 2806 430 2885 atque
454 2800 533 2867 hinc
557 2801 685 2888 duplici
710 2802 809 2869 sinnrl
834 2804 1020 2869 intersecta
1044 2801 1154 2882 sedili,

217 2907 334 2975 Serica
358 2909 449 2993 quod
475 2910 616 2976 volvunt
639 2909 687 2976 sic
713 2911 908 2995 pulvinaria
932 2912 1013 2990 lato,

214 3014 329 3082 Mollia
353 3017 391 3081 ut
415 3015 600 3083 enliibeant
625 3019 785 3083 Patribus
809 3018 969 3084 subsellia
995 3016 1138 3101 magnis.

214 3122 487 3191 Versiooloratas
513 3124 605 3208 ligno
630 3125 783 3208 fingente
808 3128 939 3208 figuras

214 3228 370 3316 Aspicies
393 3229 545 3298 circum:
572 3231 686 3298 varias
710 3232 899 3300 referentia
922 3234 1051 3298 tbrinas

214 3338 390 3423 Attulgent
414 3341 502 3405 flavo
528 3340 681 3406 tabulata
705 3359 790 3406 auro
815 3340 906 3406 intus
931 3343 966 3406 et
990 3343 1110 3406 extra:

160 3477 163 3481 ⁴
214 3445 331 3512 Aurea
354 3465 529 3532 purpureo
554 3446 731 3532 laquearia
755 3447 894 3514 condita
917 3466 1030 3533 panno

212 3553 449 3620 Condecorant
473 3573 617 3622 navem:
642 3553 834 3621 caelamina
857 3558 1023 3640 prostypa
1046 3554 1154 3620 t'astus

213 3659 385 3726 Historiae
410 3659 548 3744 signant
573 3664 741 3742 Venetae,
765 3682 833 3746 qua
856 3661 1004 3745 contigit
1028 3663 1135 3727 undas

213 3768 427 3851 Lambentes
451 3788 587 3853 quaque
611 3770 785 3834 obstantes
808 3768 1016 3836 intersecat:
1041 3773 1145 3854 atque

211 3873 342 3941 Passim
367 3874 456 3942 aliae
480 3896 501 3941 a
525 3895 630 3961 prora
652 3881 788 3942 statuae
813 3878 916 3960 longo
941 3876 1060 3943 ordine
1084 3888 1242 3960 surgunt,

210 3983 300 4058 Quas
322 3981 387 4047 nisi
412 3984 634 4068 resplendens
658 3984 820 4069 divesque
846 3986 1034 4052 obduceret
1058 4004 1193 4066 aurum,

211 4092 261 4155 Tu
284 4093 381 4157 certe
406 4108 506 4156 veros
529 4089 694 4172 nominee,
718 4093 772 4157 vel
798 4111 881 4158 vera
904 4096 1045 4178 putares

214 4195 360 4262 Numina
384 4195 541 4280 subjecto
566 4199 661 4280 logos
685 4196 837 4265 indicere
861 4203 976 4285 ponto.

210 4305 295 4370 Pars
318 4307 416 4370 carot
440 4305 526 4371 haec
550 4307 665 4371 tecto:
690 4305 803 4371 cernis
826 4310 918 4372 stare
943 4307 1062 4372 ordine
1087 4314 1224 4373 centum
