3382 5362
736 435 938 502 -127-

310 581 404 664 Ergo
428 582 559 668 pudore
583 583 724 649 trabunt
747 581 904 662 caudam,
927 582 1123 665 sortemque
1148 582 1282 651 lacessit

310 687 412 754 Irrita
435 688 554 773 lingua
576 689 723 775 probris,
746 693 781 756 et
806 689 934 755 frustra
958 688 1119 754 verberat
1143 707 1256 757 auras

309 796 520 881 colloquium
544 799 683 864 tandem
708 796 812 863 tantis
835 795 1014 862 aflectibus
1038 797 1169 862 undans

310 903 479 971 Solvitur:
504 909 646 972 aeterno
670 904 826 971 afficiant
849 903 1036 990 opprobria
1060 903 1167 985 theta,
1238 960 1240 966 a

308 1011 437 1078 Nomen
461 1015 496 1078 et
520 1011 674 1079 afficiant
698 1012 884 1093 hominum,
908 1011 966 1096 qui
991 1013 1116 1077 damna
1132 1017 1300 1096 pararunt

308 1120 370 1184 Tot
394 1117 470 1202 sibi,
494 1123 545 1186 tot
568 1120 666 1186 nobis
690 1122 782 1187 nulla
802 1121 877 1205 jam
902 1122 993 1187 sorte
1017 1117 1182 1184 levandis

309 1226 514 1311 Assurgunt‚
537 1226 717 1312 subitoque
741 1229 865 1312 locum,
889 1231 925 1294 et
948 1225 1068 1294 sedilia
1091 1225 1258 1310 linquunt.

309 1335 484 1401 Murmure
509 1334 678 1421 percussis
701 1354 862 1401 resonans
886 1338 938 1402 est
960 1335 1039 1400 aula
1063 1333 1267 1401 frementem

307 1441 500 1509 Parietibus
523 1443 605 1510 dare
630 1442 703 1509 visa
726 1462 859 1527 sonum,
881 1446 985 1526 atque
1009 1438 1153 1507 irascier
1177 1439 1254 1508 illis

308 1550 512 1634 spumantes
536 1550 658 1617 animis
681 1550 796 1618 civilia
819 1553 909 1619 bella
933 1546 1089 1616 nefandis

308 1659 413 1724 Tecta
436 1658 537 1725 Ducis
561 1658 717 1743 linquunt
740 1658 844 1727 Vrbis
867 1654 1071 1724 miserabilis
1094 1654 1219 1723 hostes

309 1764 490 1832 Alternum
513 1765 589 1832 falsi
614 1765 765 1834 dicentia
789 1768 895 1834 verba
918 1766 1085 1831 salutem:

310 1872 436 1959 Nempe
461 1873 513 1941 his
536 1876 610 1940 tota
632 1876 722 1941 salus
745 1873 895 1960 pretium
919 1889 1119 1954 mercesque
1144 1872 1311 1939 scelestae

310 1980 519 2048 Proditionis
543 1986 628 2049 erat.
654 1985 780 2050 Contra
802 1981 965 2047 Pisaurus
988 1980 1161 2059 honestus,

310 2091 357 2154 Vt
381 2108 564 2174 numquam
591 2089 690 2157 motis
714 2089 833 2170 oculis
855 2088 1030 2172 torvisque
1044 2085 1215 2172 juvencus

310 2196 442 2282 Aspicit
465 2195 655 2282 agricolam
680 2217 700 2264 a
724 2199 857 2264 stabulo
882 2195 1030 2280 vestigia
1054 2196 1169 2275 ferre,

226 2357 231 2380 ι
311 2305 494 2372 Abstracta
518 2309 640 2385 matre,
664 2308 703 2372 ut
726 2307 848 2373 subeat
871 2324 980 2389 grave
1004 2304 1138 2390 pondus
1161 2303 1282 2385 aratri,

311 2413 442 2496 Sugere
467 2413 547 2479 dnm
569 2416 689 2499 sperat
713 2411 914 2499 praedulcia
937 2431 1080 2478 munera
1102 2410 1213 2493 lactis

312 2523 354 2588 nt
377 2522 471 2590 dolet
494 2521 567 2609 ipse
591 2540 734 2606 gemens
756 2521 951 2608 iterumque
975 2520 1170 2605 iterumque
1195 2524 1371 2608 vocatam3

311 2629 505 2713 Augurium
530 2648 676 2695 renuens
700 2630 854 2715 obliquos
878 2633 1017 2714 torquet
1042 2628 1076 2694 in
1101 2627 1176 2695 illos

313 2736 497 2821 indignans
520 2738 637 2804 oculos
660 2737 807 2823 patriam
833 2737 1015 2804 miseratus
1038 2739 1201 2816 amatam,

312 2846 404 2911 Neve
428 2846 529 2930 putes
552 2843 710 2910 thalamis
732 2845 916 2911 demissum
941 2848 1096 2913 membra
1119 2843 1226 2929 quieti

312 2956 365 3018 Ire
390 2953 501 3019 feros:
528 2951 646 3036 magni
669 2956 831 3043 avertunt
854 2954 919 3020 hac
943 2956 1043 3021 noete
1068 2953 1215 3033 labores

310 3062 359 3127 Ne
384 3061 498 3127 forsan
523 3078 667 3146 sponsae
692 3079 713 3125 a
739 3059 797 3127 tali
821 3059 1042 3147 improbitate
1067 3062 1221 3126 remotae

312 3165 527 3254 Postpositae
551 3167 680 3254 possint
705 3168 794 3234 ulnis
818 3168 948 3236 vincire
972 3171 1132 3236 lacertos.

312 3279 400 3342 Cura
423 3275 483 3341 sed
507 3277 585 3341 atra
608 3274 727 3356 trahit,
751 3275 951 3362 facinusque
976 3275 1010 3342 in
1034 3280 1176 3362 pectore
1201 3277 1350 3356 versant,
1396 3345 1398 3348 Α

311 3384 383 3458 Quo
407 3383 550 3450 decreta
573 3386 701 3466 queant
724 3383 841 3467 Magni
866 3385 1030 3450 deludere
1055 3385 1174 3448 sancta

281 3570 284 3575 .
312 3488 464 3570 Concilii,
487 3490 636 3576 primum
662 3489 758 3556 Titan
783 3510 861 3557 cum
886 3489 1019 3557 fulserit
1043 3489 1128 3557 orbi.

314 3598 356 3662 Et
380 3597 456 3663 fora
479 3597 721 3682 circumagunt
744 3617 872 3665 ausura
895 3599 1020 3680 fronte,
1045 3596 1196 3681 viasque,

314 3706 418 3770 Tecta
441 3707 564 3789 petunt
587 3705 763 3787 comitum,
787 3725 872 3791 quos
895 3705 997 3790 nigra
1019 3703 1147 3771 astutia
1166 3703 1296 3790 punxit,
1320 3757 1322 3761 ,

314 3814 575 3896 llecernuntque
600 3814 751 3892 modurn,
775 3812 923 3899 patriam
947 3830 1014 3896 quo
1039 3813 1186 3897 perdere
1210 3810 1351 3897 possint.

314 3920 389 4002 lpse
414 3919 526 4002 putes,
548 3917 577 3984 si
601 3919 690 3986 forte
715 3923 792 3987 tuos
816 3919 998 3987 offenderit
1022 3937 1166 4002 usquam

313 4025 403 4089 Gens
426 4025 543 4091 oculos
566 4016 655 4107 talis,
679 4029 860 4111 postquam
885 4025 1041 4092 discessit
1065 4027 1107 4091 ab
1132 4026 1223 4106 aula,

314 4132 420 4198 Nocte
444 4134 506 4198 sub
531 4149 665 4214 oscura,
689 4134 896 4218 fraudesque
921 4132 1113 4200 faventibus
1138 4132 1278 4215 umbris

313 4240 380 4303 Per
404 4256 524 4305 nemus
547 4241 720 4306 occultum
744 4239 881 4306 rabidos
904 4244 1075 4326 spectasse
1100 4241 1225 4324 leones,

313 4346 403 4420 Quos
426 4349 511 4429 agat
534 4363 682 4412 exurens
707 4346 821 4414 rabies
844 4346 1037 4414 fervoribus
1060 4352 1167 4430 artus,
