3382 5362
620 419 820 485 -109-

194 560 256 639 Qui
281 581 391 648 nuper
415 561 528 629 tuerat
552 562 729 648 plumbato
754 583 773 630 e
797 582 938 630 carcere
962 561 1059 630 liber.

194 668 253 734 His
276 688 391 737 comes
414 668 579 754 adjicitur
603 671 646 735 de
671 672 770 757 plebe
794 669 963 755 Georgius
987 669 1067 750 ima,

193 777 256 854 Qui
281 777 400 844 latices
423 776 537 861 glacie
561 782 752 860 concretos,
776 781 876 846 dulce
901 778 1075 866 pocillum,

192 888 304 971 Atque
328 888 457 953 Arabes
481 886 626 967 fructus,
648 891 761 971 potus,
784 887 927 955 bellaria
953 886 1077 952 vendit.

192 993 333 1079 Bajulus
356 992 460 1078 huJ'us
484 997 559 1059 erat
583 994 721 1076 genitor
745 997 907 1082 depulsus
931 994 962 1060 in
988 1011 1066 1062 oras

192 1100 355 1168 Adriacas
379 1099 574 1168 stimulante
599 1102 702 1184 lame,
727 1105 943 1190 vendensque
968 1102 1115 1169 lacertos

192 1207 325 1276 Vilibus
348 1209 426 1294 ipse*
445 1209 559 1294 operis
583 1215 666 1278 nato
691 1214 913 1295 congesserat
936 1227 1069 1276 aurum.

191 1320 267 1383 lam
291 1315 430 1402 Battaja
453 1316 603 1383 animum
628 1317 763 1403 pridem
787 1320 977 1386 devoverat
1000 1313 1085 1395 istis

191 1423 254 1500 Qui
278 1426 365 1492 clam
390 1423 642 1509 Francigenum
667 1444 872 1510 congressus
895 1427 995 1492 nocte
1019 1419 1167 1490 coibant.

190 1535 278 1600 Ante
303 1537 428 1600 Ducem
453 1532 576 1600 sistunt
600 1535 865 1617 erecta'sronte,
890 1531 1057 1617 Dacisque

190 1639 329 1726 Adjecit
353 1640 500 1709 formido
523 1641 695 1709 animum:
721 1661 782 1709 ora
805 1640 976 1725 Georgius
999 1656 1080 1705 ecce

191 1754 228 1816 ln
252 1753 339 1818 tales
362 1750 462 1818 solvit
486 1769 608 1820 voces:
634 1753 807 1828 Quaenam
830 1749 997 1830 imminet,
1021 1746 1127 1814 eheu!

191 1860 284 1934 Quae
309 1860 425 1925 clades
448 1858 610 1927 Venetis!
636 1859 734 1934 hausi
757 1874 994 1944 quaecumque
1018 1855 1166 1935 fatebor,

190 1966 277 2043 Quid
301 1965 442 2052 cupiant
465 1965 564 2048 Galli,
587 1986 675 2052 quae
700 1965 744 2033 sit
768 1965 896 2033 fiducia
918 1961 1024 2031 nobis.

190 2076 293 2141 Forte
318 2075 458 2142 trabunt
481 2080 620 2156 memet,
643 2074 724 2161 quin
749 2073 850 2160 copia
873 2076 970 2140 certa
993 2067 1121 2137 sciendi

191 2182 245 2268 Sit
264 2185 356 2263 data,
379 2184 583 2269 praedulces
606 2183 767 2250 hesterna
790 2186 891 2249 nocte
915 2180 1059 2257 sodales

190 2288 375 2376 splendido
398 2290 457 2358 ubi
480 2292 562 2358 luxu
587 2289 734 2375 genialis
756 2308 864 2358 coena
887 2290 1041 2374 paratur.

191 2396 253 2464 Hic
277 2396 475 2465 Viletardus
499 2402 595 2464 erat:
620 2396 705 2465 scivi
729 2417 806 2463 nam
830 2400 950 2483 postea
972 2409 1142 2480 quaerens

190 2506 319 2572 Nomen
344 2508 379 2573 et
403 2504 575 2573 officium:
601 2524 622 2571 a
645 2504 787 2572 secretis
809 2523 952 2572 munere
975 2504 1123 2586 iungens

189 2614 363 2680 Gallorum
388 2631 493 2699 penes
517 2614 718 2680 Oratorem:
744 2611 894 2679 assidere
918 2609 1044 2678 mensis

190 2725 265 2808 lpse
289 2724 430 2806 stupens
451 2720 565 2787 animo
589 2719 668 2788 novi
693 2739 736 2787 ex
759 2722 915 2786 sermone
938 2719 1095 2806 patentes

189 2827 420 2913 Francigenas
443 2829 581 2915 plures:
605 2827 736 2896 faciunt
758 2847 915 2896 sermone
941 2823 1090 2893 vicissim

188 2936 340 3003 Plurima
363 2937 469 3003 verba
492 2954 574 3003 suo:
599 2935 760 3003 simulans
783 2955 850 3003 non
874 2952 1016 3002 noscere
1040 2933 1207 3016 linguam,

188 3042 343 3112 Liberius
366 3061 487 3109 causas
509 3042 576 3109 illis
599 3043 704 3111 tribui
729 3043 800 3129 ipse
825 3041 985 3128 loquendi
1096 3085 1098 3088 >

187 3149 336 3218 Auribus
359 3153 412 3216 ast
435 3149 544 3232 hausi,
567 3152 659 3236 quod
684 3154 759 3218 erat
782 3150 951 3218 sententia
975 3148 1080 3216 Gallis

187 3258 373 3346 Imperium
397 3261 537 3325 tandem
562 3260 748 3340 Venatum,
771 3262 806 3326 et
829 3262 964 3326 mutare
988 3260 1163 3339 Senatum,

187 3368 355 3434 Arborem
379 3369 415 3433 et
438 3365 558 3433 extolli
581 3365 650 3433 cito
675 3366 858 3434 Libertatis
882 3369 925 3435 ab
948 3366 1031 3453 ipsis

187 3471 342 3556 Illyricis,
364 3492 510 3558 quorum
535 3472 638 3540 Gallis
662 3493 759 3540 mens
782 3474 882 3540 firma
905 3474 1054 3540 favebat.

187 3583 280 3646 Tunc
303 3577 416 3646 subito
439 3579 570 3664 glacies
593 3584 728 3649 nostros
752 3581 985 3649 obstrinxerat
1008 3583 1115 3662 artus

187 3688 313 3771 Pallor,
336 3691 371 3754 et
394 3687 466 3774 ipse
491 3691 595 3756 rubor
619 3691 808 3757 conterrita
831 3691 984 3758 tinxerat
1006 3710 1078 3758 ora.

187 3793 241 3861 Sic
265 3795 399 3881 patriae
424 3795 573 3877 fortuna,
597 3799 633 3864 et
657 3800 753 3864 tanta
777 3798 935 3884 pericula
959 3803 1110 3866 nostram

187 3904 380 3969 Tur-harant
403 3905 574 3970 mentem!
599 3908 728 3973 memet
751 3906 951 3974 Viletardus
974 3911 1011 3974 at
1034 3905 1107 3993 ipse

186 4007 334 4075 Viderat
356 4007 552 4077 attonitum.
576 4011 700 4078 Mensis
724 4013 902 4099 epulisque
928 4012 1081 4096 remotis

186 4115 327 4181 coenati
350 4114 483 4202 petiere
508 4118 668 4187 domum:
693 4121 851 4206 solusque
876 4140 1054 4188 manerem

186 4220 314 4288 Annuit
338 4221 395 4289 ille
420 4221 513 4290 mihi.
538 4227 604 4292 Gu'r
628 4228 732 4294 corde
757 4225 807 4294 ita
829 4227 985 4295 concitus
1008 4230 1143 4295 essem?

185 4332 278 4396 Pone
303 4332 445 4410 metum,
468 4330 565 4399 dixit.
591 4333 656 4399 Sed
681 4353 768 4418 ego:
795 4335 890 4403 Seius
914 4335 1029 4403 omnia
1053 4337 1144 4420 novi,
