3382 5362
838 419 1039 486 -116-

416 562 571 633 Membra
594 570 736 649 tremor,
758 585 858 634 coma
881 563 1037 649 diriguit,
1061 583 1267 650 gressusque
1285 563 1498 649 tremiscunt,

415 675 528 760 Atque
552 679 675 760 petunt
698 674 831 759 gemitu
855 671 1013 740 subsellia
1039 674 1140 739 tarda
1163 674 1326 740 labantes,

417 781 444 848 O
469 781 552 848 viles
576 782 738 849 nimium!
765 785 906 850 cunctos
930 780 997 847 heu
1022 785 1136 846 terror
1160 780 1290 847 ademit

334 923 338 932 ·
416 889 557 957 Sensus!
584 892 700 958 Nonne
724 890 815 958 subit
838 892 991 956 Venetos
1014 887 1159 972 fregisse
1184 890 1319 957 vetusto

416 998 583 1083 Tempore
607 997 844 1082 magnanimos
868 995 1049 1064 conamina
1073 998 1172 1061 tanta
1196 996 1320 1082 Pipini‚

415 1105 506 1170 Acer
529 1109 568 1170 ut
590 1109 741 1172 armatas
764 1109 888 1190 gentes
911 1104 1057 1172 inferret
1081 1103 1114 1168 in
1141 1106 1170 1169 V
1173 1105 1296 1171 rbem?

417 1213 533 1278 Nonne
558 1211 649 1278 subit
672 1212 884 1296 Liguresque
910 1217 1003 1278 rates
1026 1210 1181 1278 mersisse
1205 1212 1376 1296 profundo

417 1319 586 1385 lnsractas
610 1318 761 1386 Victoris
785 1337 878 1405 opes5
902 1320 984 1385 dum
1008 1317 1159 1398 Claudia,
1182 1319 1319 1385 firmum

418 1424 631 1493 Praesidium
656 1425 811 1507 Venetis,
834 1445 899 1493 ceu
923 1425 1070 1508 moenia,
1094 1429 1204 1492 Marte
1228 1425 1337 1492 feroci

418 1535 650 1600 Procumbens
673 1531 811 1614 cecidit,
834 1532 959 1600 nostris
983 1537 1018 1600 et
1041 1532 1188 1600 timuere
1212 1532 1359 1616 ruinam,

418 1638 595 1726 Objicibus
619 1640 731 1724 nullis
754 1643 851 1707 hoste
875 1644 979 1727 atque
1004 1645 1151 1726 urgente
1175 1642 1343 1727 penates?

418 1747 576 1834 Nunquid
600 1754 634 1817 et
658 1753 817 1836 Europae
841 1754 1004 1816 conatum
1029 1746 1192 1815 clusimus
1215 1767 1350 1817 omnem

417 1857 455 1922 ln
478 1858 570 1924 mala
593 1861 711 1925 nostra
734 1857 826 1924 feras
850 1858 919 1925 ullo
943 1855 1015 1924 sine
1040 1855 1107 1924 fine
1132 1856 1291 1923 cohortes

418 1962 577 2050 Vndique
601 1965 783 2034 ducentis?
806 1970 969 2050 terraque
995 1964 1151 2050 marique
1175 1966 1344 2051 procellas

418 2072 587 2157 Numquid
612 2072 803 2159 priscorum
828 2073 956 2141 avertit
978 2071 1150 2159 sapientia
1172 2075 1331 2140 Patrum:

417 2180 443 2244 E
468 2182 602 2268 contra,
625 2199 645 2248 o
670 2185 835 2266 quantum
860 2180 1017 2248 mutastis
1040 2185 1209 2266 tempora,
1233 2179 1349 2247 Cives!

418 2286 600 2356 Poemineo
625 2287 758 2372 gemitu
782 2289 937 2374 pandunt
960 2292 1062 2373 atque
1087 2307 1146 2355 ore
1170 2289 1334 2368 dolorem,

419 2393 482 2471 Qui
505 2395 637 2482 pietate
662 2395 770 2462 oculis
793 2400 931 2483 possent
953 2398 1155 2480 abstergere
1179 2414 1346 2476 somnum,

420 2506 593 2571 Excutere
617 2506 721 2587 atque
745 2505 897 2569 animum
920 2504 1055 2589 patriae
1080 2505 1124 2570 ad
1156 2501 1326 2570 tutamina
1348 2505 1478 2570 natum.

420 2613 469 2676 En
495 2609 678 2696 Delphinus
703 2612 814 2695 Eques
838 2610 945 2677 oculis
968 2611 1155 2693 arentibus
1179 2614 1283 2695 atque

418 2719 535 2784 Nudus
559 2737 675 2804 opum,
699 2719 887 2786 hauserunt
909 2738 995 2804 qrras
1018 2719 1135 2806 turpia
1159 2724 1284 2799 scorta,
1307 2717 1501 2801 (bimanus,

418 2828 462 2893 Et
485 2845 621 2910 quoque
645 2827 795 2912 pellaces
819 2826 896 2893 ullis
920 2827 1058 2913 Battaja
1083 2830 1228 2912 negatos

418 2934 615 3000 Praesesert
640 2934 759 3000 oculos
783 2934 955 3019 lacrymis,
978 2935 1119 3002 Pisanus
1142 2938 1177 3001 et
1200 2932 1268 3013 ille,

418 3042 524 3116 Quem
550 3031 652 3106 vetus
670 3037 832 3106 inlamem
856 3040 1007 3126 signavit
1030 3042 1063 3108 iu
1089 3061 1149 3110 ore
1173 3039 1330 3107 cicatrix.

419 3146 603 3215 Immeritis
627 3148 742 3214 suerat
765 3149 911 3216 donatus
935 3151 1119 3217 honoribus
1142 3149 1226 3234 ipse,

418 3254 481 3331 Qui
505 3273 615 3339 genus
640 3253 781 3339 antiqua
805 3255 949 3324 deduxit
972 3256 1106 3341 origine
1131 3258 1280 3337 clarum,

420 3363 484 3429 Sed
508 3380 574 3429 non
598 3361 774 3447 ingenium
798 3362 937 3449 proavis
960 3363 1148 3432 illustribus
1171 3381 1330 3447 aequum.

419 3469 579 3537 Proditor
603 3470 669 3539 heu
693 3468 828 3554 patriae
853 3470 964 3556 turpis
988 3470 1075 3558 (quis
1099 3473 1256 3537 crederet
1280 3487 1429 3552 unquam
1442 3465 1467 3554 l)

419 3575 483 3653 Qui
506 3575 618 3660 magis
642 3575 675 3663 (o
699 3577 860 3663 pudeat!)
885 3580 1078 3645 cumulatus
1102 3576 1286 3646 honoribus
1309 3575 1416 3642 essct!

421 3682 497 3750 Sive
521 3685 619 3751 dolus
643 3684 768 3764 suerat,
791 3682 863 3750 sive
889 3684 1119 3771 insuperabile
1144 3685 1265 3764 fatum,

421 3793 487 3858 Seu
510 3791 605 3858 fraus
628 3792 804 3859 Gallorum
828 3793 998 3876 longaevo
1023 3812 1044 3858 a
1068 3796 1223 3877 tempore
1248 3793 1380 3857 structa
1393 3811 1402 3875 3

424 3900 541 3966 Nullus
565 3899 599 3965 in
623 3898 789 3966 auxilium
814 3898 948 3986 patriae
972 3899 1186 3968 convertitur
1210 3918 1301 3965 acer.

420 4009 564 4091 Jamque
589 4006 701 4088 silent,
724 4006 824 4074 nullis
849 4007 973 4088 verbis,
997 4006 1188 4094 penetralia
1211 4005 1342 4073 circum

421 4115 597 4180 lntcrdum
622 4112 762 4180 auditur
786 4113 955 4196 fremitus
978 4113 1135 4201 suspiria,
1159 4115 1268 4181 fletus.

428 4221 541 4306 Atque
565 4219 647 4288 licet
670 4220 755 4288 nulli
780 4225 909 4288 certam
935 4240 1073 4307 sperare
1097 4222 1252 4288 salutem.

424 4331 472 4395 Vt
497 4327 609 4412 magis
632 4327 704 4415 ipse
727 4333 832 4413 queat
856 4327 1009 4416 trepidos
1032 4328 1217 4413 confligere
1242 4329 1356 4395 vultus
