3382 5362
748 421 946 487 -130-

323 560 387 629 Hic
411 562 525 633 Timor
550 569 613 649 est,
636 566 774 634 rabidas
797 569 970 634 Gallorum
996 562 1132 648 diffugit
1155 562 1282 644 hastas,

319 670 409 744 Quas
432 672 544 757 agitat
568 678 741 762 Bonapars
764 675 895 744 trucior
920 672 1154 742 minitantibus
1180 668 1271 736 ausis

320 778 468 846 Palladis
491 781 700 865 horrisonae,
725 782 904 852 bacchanti
928 788 962 850 et
986 781 1092 850 milite
1116 778 1258 847 circum.

320 886 394 971 lpse
418 889 510 974 loqui
535 893 647 974 vellet,
670 895 807 960 truncat
829 893 887 959 sed
912 889 1080 958 anhelitus
1102 885 1152 954 illi

320 992 447 1078 Verba,
471 1000 583 1065 tamen
608 1000 700 1066 satur
724 1000 868 1068 concisis
892 999 1032 1068 vocibus
1055 997 1141 1063 ista:

318 1101 404 1182 Heu,
427 1103 580 1187 Pisaum,
603 1108 706 1192 suge:
733 1106 879 1190 ingratis
903 1111 935 1174 te
959 1104 1093 1191 surripe
1117 1103 1161 1168 ab
1185 1098 1266 1177 oris,

319 1208 388 1275 Nec
413 1230 509 1277 mora
532 1214 704 1284 detineat:
730 1217 800 1282 ruit
822 1218 891 1283 alto
915 1235 936 1281 a
959 1213 1107 1282 culmine
1129 1226 1286 1292 regnum.

319 1314 450 1402 Quippe
474 1322 570 1386 tuum
595 1326 699 1408 caput
723 1323 828 1390 hostis
851 1325 941 1403 avet,
964 1319 1132 1404 citiusque
1156 1317 1280 1381 datura

319 1423 432 1490 Turba
455 1425 522 1491 tuis
541 1426 662 1512 jurata
688 1430 804 1497 malis:
829 1429 912 1497 satis
935 1428 1006 1514 ipse
1030 1423 1152 1492 dedisti

318 1531 391 1595 Jam
416 1532 570 1617 patriae:
595 1537 717 1603 dextra
741 1538 826 1603 heu!
853 1538 982 1602 frustra
1005 1533 1203 1600 detenderet
1226 1527 1330 1596 illam.

317 1634 372 1704 Sic
395 1639 455 1722 ait,
479 1644 513 1707 et
537 1642 708 1728 singultus
731 1648 774 1712 ab
798 1644 867 1711 imo
891 1648 1033 1728 gutture
1056 1655 1201 1724 surgens

317 1747 466 1814 Truncat
489 1748 523 1814 in
548 1770 607 1817 ore
631 1771 740 1821 sonos.
765 1753 925 1819 Pisaurus
948 1750 1063 1817 dicere
1087 1748 1216 1825 averet,

317 1853 381 1919 Sed
406 1855 520 1924 Timor
543 1857 577 1923 in
604 1863 721 1926 tenues
744 1859 875 1928 subitus
898 1859 1100 1925 discesserat
1122 1869 1235 1930 auras,

318 1962 360 2027 ut
384 1963 517 2046 gelidos
541 1967 644 2034 tacite
668 1967 801 2035 Pisauri
826 1965 964 2052 irrepsit
988 1965 1021 2031 in
1046 1966 1152 2031 artus.

316 2071 382 2135 lste
407 2070 459 2136 vir
483 2070 670 2141 innumeris
694 2077 819 2143 dellens
843 2073 1022 2143 affectibus
1044 2073 1141 2139 actus

316 2179 409 2244 Haec
433 2198 569 2248 secum:
595 2185 687 2267 Ergo
712 2183 778 2250 mei
802 2183 936 2270 patriae
960 2180 1093 2268 periere
1118 2177 1263 2256 labores,

315 2285 384 2352 Nec
409 2289 558 2372 potuisse
582 2290 666 2356 meis
689 2293 811 2358 afferre
836 2289 1005 2358 levamina
1028 2283 1169 2362 dextris,

315 2393 386 2468 Quo
412 2394 495 2460 tanti
521 2416 676 2464 meruere
702 2398 776 2466 Viri
801 2397 967 2467 tulmnine
991 2391 1188 2481 quondam?

315 2501 407 2585 Ergo
432 2501 498 2569 erit
521 2503 596 2589 ipsa
620 2506 727 2574 trucis
750 2526 840 2573 nunc
864 2525 953 2571 1111111
978 2496 1180 2569 miserabilis
1204 2495 1309 2564 hostis

314 2610 448 2675 Praeda
471 2612 599 2694 lutura,
623 2616 701 2680 ruet
725 2615 832 2696 furor,
855 2617 958 2698 atque
982 2607 1123 2677 licentia
1148 2603 1257 2671 l'erril

313 2717 388 2781 Heu
412 2717 520 2802 piget,
544 2739 563 2787 o
588 2722 707 2787 Patria
731 2721 869 2788 infelix!
895 2719 944 2786 sic
969 2721 1041 2784 sata
1066 2716 1184 2794 tulere,

314 2823 360 2888 Ne
385 2844 517 2910 possem
544 2826 673 2895 validus
698 2829 800 2896 tantis
825 2834 856 2896 te
881 2830 1051 2897 abducere
1075 2820 1224 2889 damnis!

312 2929 346 2996 si
371 2952 464 2999 incus
488 2937 614 3003 effusus
637 2942 751 3023 posset
774 2940 958 3004 detondere
982 2932 1123 3018 sanguis

314 3040 497 3106 Labentem
523 3042 692 3128 patriam:
718 3050 827 3112 totum
851 3043 1022 3123 dmlucite,
1047 3057 1164 3119 venae,

311 3147 499 3214 Dummodo
523 3149 625 3216 foeda
648 3152 722 3218 sitis
746 3153 850 3219 suerit
874 3153 1027 3237 depulsa,
1051 3164 1221 3213 cruorem.

310 3252 355 3319 At
379 3253 540 3340 quoniam
564 3257 705 3343 sanguis
727 3261 886 3344 perfusus
910 3256 1056 3323 inaniter
1080 3257 1181 3334 esset,

310 3365 424 3430 lleflue
449 3384 510 3450 per
536 3385 651 3446 venas,
675 3369 784 3436 denec
809 3369 867 3454 pia
890 3366 1036 3434 Numina
1059 3365 1215 3430 linnent:

310 3469 442 3557 Quippe
467 3472 547 3539 olim
571 3473 709 3559 possim,
734 3495 810 3541 nam
837 3478 947 3541 nullus
969 3471 1146 3560 praescius
1173 3487 1334 3553 unquam,

309 3576 395 3654 Quid
420 3577 482 3645 sihi
507 3580 580 3646 sata
604 3581 709 3648 velint
735 3589 878 3650 venturo
904 3588 1070 3669 tempore,
1095 3577 1201 3658 novit,

309 3688 435 3752 Forsan
460 3687 600 3755 consilio
625 3690 759 3776 patriae
783 3691 948 3760 solamina
973 3693 1072 3757 serre.

266 3874 269 3880 Ι
309 3794 405 3879 Nunc
429 3796 592 3862 tentanda
616 3796 672 3862 via
696 3803 747 3864 est
771 3798 865 3881 mihi,
889 3819 957 3886 qua
982 3802 1041 3866 tua
1064 3796 1182 3863 limina
1208 3792 1373 3878 linquam,

309 3900 423 3985 Atque
447 3900 515 3968 alio
541 3902 712 3987 miseram,
735 3926 823 3991 iprae
848 3912 966 3989 restat,
990 3908 1115 3972 ducere
1140 3902 1267 3969 vitam:

308 4007 460 4093 Namque
485 4008 567 4074 mihi
592 4030 655 4077 nec
680 4014 760 4079 llere
784 4014 934 4098 quidem,
957 4020 1018 4081 aut
1042 4012 1147 4079 lenire
1171 4012 1324 4077 dolorem

307 4114 489 4200 Colloquiis
513 4115 651 4203 impune
678 4120 813 4188 lieehit:
839 4123 971 4200 atrocia
996 4126 1067 4189 lata

308 4222 399 4289 Hace
423 4222 531 4289 solum
555 4224 689 4292 miseris
712 4229 804 4296 nullo
829 4229 991 4296 solamine
1016 4233 1155 4297 restant.

307 4325 409 4409 llixit,
428 4327 669 4416 judiciumque
693 4333 798 4401 animi
824 4335 892 4403 cito
917 4337 1009 4406 facta
1033 4344 1234 4425 sequuntur,
