3382 5362
746 383 923 450 ...25-

315 529 465 598 Lectitat
488 529 544 597 ille
568 528 684 610 libroS,
707 528 803 597 nobis
826 549 911 614 quos
934 531 1044 599 Gallia
1067 527 1171 611 misit,
1344 609 1349 617 ἱ

315 641 485 724 Dogmata
509 639 563 704 vel
587 638 752 717 celebrat,
775 657 864 722 quae
888 637 1096 721 Mirabellus,
1120 644 1156 707 et
1179 659 1261 707 acer

314 750 464 814 Russous
483 743 645 830 jactavit,
669 745 724 810 vel
747 763 836 828 quae
862 747 1037 814 Volterius
1061 749 1177 824 audet,

314 855 471 939 Quosque
494 851 576 919 mali
600 849 667 918 rite
691 850 860 935 agnoscit,
884 854 1091 939 scelerisque
1114 854 1311 940 magistros

314 965 520 1045 Intereaque
544 956 656 1041 magis
680 955 781 1024 vitiat
804 976 865 1024 cor
888 959 1065 1028 haustibus
1093 961 1177 1048 ipse.

315 1075 366 1140 Ab
391 1072 534 1139 nimium
559 1069 667 1150 caeci,
690 1088 710 1136 o
734 1072 816 1149 VoS,
839 1069 900 1154 qui
923 1071 1124 1157 pertingere
1148 1076 1266 1141 nostra

314 1180 432 1248 Litora
456 1176 619 1245 demissos
643 1175 747 1243 libros
771 1194 815 1242 ex
838 1176 981 1262 Alpibus
1004 1179 1086 1246 estis

312 1286 489 1375 Perpessi,
502 1283 682 1370 jactantur
706 1282 764 1350 ubi
789 1282 895 1371 impia
918 1286 1083 1372 dogmata
1107 1285 1207 1368 natis,

313 1399 342 1462 A
366 1393 488 1481 quibus
512 1391 627 1460 edocti
650 1389 781 1459 crimen
805 1391 988 1478 rapiuntur
1013 1394 1047 1460 in
1071 1414 1182 1462 omne.

312 1505 425 1589 Atque
448 1500 527 1569 hinc
550 1499 845 1587 philosophantur,
868 1499 1053 1587 iniquaque
1074 1503 1238 1586 dogmata
1256 1504 1397 1570 censent

313 1608 504 1696 Relligione
529 1624 632 1694 super
657 1605 791 1687 Christi,
814 1625 917 1690 quam
941 1607 1088 1694 despicit
1111 1608 1184 1695 ipse

312 1717 484 1786 Patricius
503 1714 654 1802 Juvenis,
677 1713 878 1800 pariterque
902 1734 1026 1784 senex:
1050 1716 1123 1784 sine
1147 1719 1225 1802 lege

313 1828 479 1895 Persona
502 1842 633 1911 perque
657 1821 730 1888 vias
754 1821 888 1906 vitium,
911 1825 1079 1911 luxusque
1105 1828 1265 1910 vagatur,

311 1937 452 2022 Templa
475 1932 702 2021 profanantur
726 1934 855 2017 spreta,
879 1936 914 1999 et
937 1933 1085 2018 spoliata
1107 1940 1310 2019 queruntur.

311 2041 519 2128 Mancipium
543 2043 606 2121 est,
629 2038 688 2125 qui
712 2037 797 2105 alias
820 2038 929 2106 nescit
953 2059 1089 2123 curare,
1113 2041 1291 2122 Sacerdos

311 2152 486 2235 Quemque
510 2145 606 2215 bonis
628 2145 780 2233 privavit
804 2147 859 2213 lex
883 2148 1057 2215 malesana
1080 2149 1214 2216 futuris

311 2257 459 2339 Credite,
482 2254 637 2341 corrupti
659 2273 773 2320 mores
796 2254 865 2322 cito
890 2256 1015 2322 damna
1037 2256 1233 2323 minantur:

269 2375 271 2381 '
311 2365 459 2446 Credite,
482 2362 619 2429 luxuria
643 2361 775 2428 infestis
799 2365 851 2428 est
873 2362 1010 2431 saevior
1034 2363 1149 2445 armis,

310 2474 422 2558 Atque
446 2473 592 2538 adversa
615 2469 768 2536 homines
790 2468 931 2536 int'anda
955 2474 998 2539 ob
1021 2472 1166 2539 crimina
1192 2474 1348 2555 tangunt.

309 2578 420 2646 Audio
445 2596 505 2644 vos
529 2577 654 2643 iterum
679 2575 775 2642 nobis
797 2575 991 2662 iterumque
1015 2579 1160 2664 prot‘ari,

309 2689 404 2765 Quod
429 2687 511 2754 satis
535 2689 625 2752 Vrbs
648 2703 776 2751 annosa
800 2691 910 2753 esset:
935 2706 1013 2754 nam
1038 2690 1176 2756 saecula
1200 2688 1308 2753 terme

309 2795 364 2862 Bis
386 2798 519 2881 septem
543 2795 723 2860 numerat:
748 2793 920 2878 lapsuram
946 2795 1019 2861 sata
1043 2796 1213 2864 volebant.

309 2902 336 2969 Ο
359 2899 502 2968 nimium
526 2897 662 2966 miseri!
688 2917 828 2984 quaeso,
851 2899 907 2966 cui
932 2903 1064 2970 verba?
1087 2902 1170 2989 quid
1195 2901 1278 2969 istas

307 3010 481 3094 Ambages
504 3005 653 3076 canitis?
675 3007 780 3091 longo
804 3025 871 3076 non
895 3009 1023 3077 labitur
1046 3028 1133 3079 aevo
1275 3003 1278 3007 ’

308 3116 490 3195 Quodlibet
514 3115 722 3203 Imperium:
747 3122 784 3185 at
807 3116 965 3186 rodentia
988 3119 1134 3188 crimina
1157 3121 1305 3201 solvunt,

308 3226 411 3294 Estur
434 3227 634 3292 utocculta
656 3243 797 3294 corrosa
820 3225 975 3294 teredine
999 3229 1135 3315 puppis

308 3339 451 3421 Insuper
473 3333 530 3401 hic
553 3333 685 3419 spernit
705 3333 845 3419 Juvenis
868 3336 911 3400 do
935 3342 1040 3421 gente
1065 3343 1188 3423 togata

307 3442 446 3510 Mittere
469 3445 643 3509 mercator
668 3443 855 3529 longinqua
877 3463 941 3530 per
965 3464 1117 3531 aequora
1140 3463 1284 3529 merces,

307 3554 406 3622 Vnde
431 3553 527 3640 prius
551 3554 665 3620 suerat
689 3552 832 3621 Venetis
855 3555 1032 3640 opulentia
1056 3555 1151 3638 telin,

307 3664 420 3748 Atque
444 3663 579 3729 laborat
602 3680 684 3747 opes
707 3665 799 3729 totus
823 3665 1032 3749 profundere
1056 3667 1184 3750 largas,

307 3769 468 3845 Quamvis
491 3788 556 3836 non
582 3769 663 3851 istos
687 3789 837 3855 proavus
860 3771 1036 3838 statuisset
1059 3773 1092 3838 in
1118 3793 1208 3840 usus.

307 3877 376 3942 Has
399 3880 607 3963 populantur
632 3895 714 3962 opes
737 3877 820 3959 ludi,
844 3879 1014 3962 convivia,
1037 3883 1149 3963 luxus

306 3988 419 4051 Donec
443 3986 575 4051 t'errata
599 4003 755 4050 nummus
779 3985 927 4071 suspiret
950 3987 983 4052 in
1009 4007 1102 4056 arca.
1220 4060 1224 4068 ,

308 4091 335 4157 Ο
357 4090 474 4174 miser,
496 4091 598 4176 inque
623 4091 696 4158 dies
718 4093 842 4173 miser!
869 4095 1012 4163 buccine
1036 4097 1175 4185 prodita
1199 4115 1316 4163 rerum

307 4199 391 4264 Sunt
413 4201 571 4266 summat
594 4219 682 4266 anne
700 4200 795 4267 vides
812 4200 873 4268 tibi
890 4205 981 4287 quod
994 4203 1069 4289 jam
1086 4205 1227 4287 luditur,
1243 4204 1392 4271 amens?

307 4304 452 4374 Divitiae
477 4313 572 4375 corte
596 4307 731 4395 populis
756 4308 903 4377 immane
929 4311 1088 4379 videntur·

1306 4461 1322 4511 :l
