3382 5362
857 419 1032 487 ..82-

426 563 499 629 Heu
524 562 616 647 luge,
640 563 721 630 dum
744 567 851 631 restat
875 563 935 631 tibi
960 564 1072 633 adhuc
1095 583 1190 632 mens
1213 584 1306 649 sana,
1330 567 1507 653 periclum.

427 670 604 736 Promissis
628 670 735 756 igitur
759 674 929 755 standum,
952 693 1039 759 quae
1064 674 1193 742 fecerat
1216 674 1297 741 olim

426 779 607 846 Austrinos
632 784 806 867 llonapars
829 781 928 865 Regi,
951 801 1038 867 quae
1063 782 1228 849 obstricta
1250 802 1312 868 per
1340 786 1417 850 octo

427 891 503 954 ‚lam
527 889 720 954 reuocanda
743 908 858 957 annos
884 894 1012 957 liurant
1036 889 1084 957 sic
1109 893 1223 971 verba,
1247 891 1396 975 fidesque

428 994 488 1079 (Ne
513 997 664 1083 stupeas)
689 996 874 1077 hominurn,
898 1001 1065 1081 renegant
1087 997 1146 1083 qni
1170 1003 1306 1078 cuncta,
1326 999 1505 1064 malorum.

427 1103 709 1187 aggrediendum
733 1122 819 1189 opus
842 1107 893 1170 est
918 1106 1087 1171 Veneteos
1110 1105 1297 1190 deperdere
1321 1123 1453 1184 caecos

427 1209 583 1295 Amplius
606 1211 695 1276 haud
721 1211 773 1275 fas
796 1215 846 1276 est
870 1211 1049 1278 mendacia
1072 1211 1202 1295 lingere
1227 1213 1360 1278 blanda.

429 1318 496 1382 Neo
521 1337 629 1399 mora,
652 1321 824 1403 Cymaeus
847 1318 1017 1385 revocatis
1039 1318 1187 1403 undique
1211 1319 1344 1399 turmis

430 1424 601 1490 Veronam
626 1424 820 1510 ingreditur
844 1426 1047 1491 lbodandam
1071 1424 1236 1509 sanguine
1262 1429 1363 1507 tetro,

428 1532 646 1617 innocueque
669 1532 780 1615 simul,
800 1532 901 1618 jubet
925 1536 958 1599 ct
982 1534 1187 1599 contendere
1211 1532 1309 1599 belle.

429 1637 527 1704 Ilaud
540 1639 671 1720 modus
684 1641 774 1706 haud
788 1640 1020 1727 monitumque
1038 1639 1134 1722 Viro,
1149 1639 1208 1725 qui
1224 1638 1397 1725 praesidet
1413 1638 1510 1707 Vrbi.

429 1745 606 1812 Parrhasis
629 1747 783 1833 obliquos
806 1747 922 1815 Helice
946 1753 1026 1815 tunc
1052 1751 1203 1831 verterat
1226 1765 1319 1832 aree,

430 1858 471 1923 Et
496 1857 674 1926 labebatur
698 1859 809 1926 medio
835 1878 902 1928 nox
926 1858 1066 1927 humida
1090 1861 1198 1940 coelo,

429 1967 510 2032 Cum
535 1968 625 2033 celsa
648 1965 775 2051 ignitas
798 1967 941 2053 glandes
960 1967 1139 2053 jaculatur
1163 1969 1206 2034 ab
1230 1984 1322 2048 arce,

430 2077 471 2142 Et
495 2080 665 2144 tormenta
691 2081 830 2145 vomunt
853 2076 950 2162 ignes
974 2081 1055 2144 tunc
1079 2075 1201 2144 bellica
1223 2079 1341 2155 tetros

430 2186 472 2250 nt
496 2204 597 2269 mage
621 2185 808 2253 terrificam
833 2184 995 2272 pallentia
1018 2183 1161 2250 fulmina
1183 2183 1277 2250 furno

430 2296 504 2359 Janr
530 2294 668 2363 foedant
692 2301 839 2376 noctem,
862 2314 949 2380 quae
973 2298 1052 2361 atra
1075 2293 1300 2361 circumvolat
1324 2293 1456 2359 umbra.

429 2404 504 2467 lam
529 2403 649 2471 doinus
672 2403 743 2470 alta
767 2402 854 2484 Viri,
879 2406 1021 2468 Praetor
1045 2400 1103 2485 qui
1128 2398 1300 2486 praesidet
1327 2398 1424 2480 Vrbi,

429 2512 612 2578 corruerat
635 2512 749 2600 rapidi
771 2515 924 2580 lacerata
948 2531 969 2577 a
992 2510 1120 2577 viribus
1143 2508 1243 2594 ignis.

430 2622 522 2686 Tunc
534 2638 669 2706 quoque
682 2626 716 2687 et
729 2619 928 2687 horrificum
944 2621 1139 2705 exemplum
1156 2617 1295 2685 castella
1311 2620 1512 2702 sequuntur,

429 2732 521 2804 torrae
545 2735 669 2797 cuncta
692 2729 797 2797 hostis
821 2730 932 2798 habet.
957 2728 1161 2796 Diffunditur
1178 2725 1325 2811 undique
1349 2726 1511 2811 squallor,

432 2837 588 2922 Vndique
611 2844 646 2904 et
669 2837 821 2905 horrenti
846 2838 991 2924 strepitu
1016 2841 1097 2904 tunc
1121 2836 1254 2903 insonat
1278 2835 1410 2901 aether:

430 2947 544 3029 llupta
568 2947 688 3012 <lomus
711 2951 864 3012 sternunt
888 2965 909 3012 a
932 2945 1079 3013 culmine
1103 2941 1247 3010 tulmina
1269 2943 1403 3008 multas.

431 3053 496 3116 Por
519 3054 606 3133 lbra,
630 3072 758 3139 perque
783 3053 855 3119 vias
878 3056 1020 3119 reboant
1044 3051 1203 3137 suspiria,
1227 3051 1394 3136 quanctuS,

432 3163 578 3244 Ingemit
601 3168 635 3229 et
659 3166 739 3230 fletu
763 3162 915 3249 quisquis
937 3163 1000 3230 sibi
1024 3164 1096 3230 iata
1120 3179 1307 3248 pavescens

431 3270 571 3352 Vltima,
595 3276 629 3337 et
652 3271 811 3356 expansis
834 3290 975 3357 superos
998 3272 1042 3337 ad
1065 3270 1178 3337 sidera
1201 3267 1325 3355 palmis

431 3377 604 3444 Auxilium
630 3377 751 3464 poscit,
775 3380 1006 3463 tremulusque
1031 3380 1073 3445 ad
1099 3377 1227 3462 templa
1250 3372 1410 3441 recurrit.

432 3488 515 3551 llum
541 3490 654 3551 tomen
679 3485 712 3551 in
737 3488 833 3552 tanta
857 3485 982 3571 trepidi
1007 3484 1190 3551 formidine
1214 3488 1327 3550 metus

432 3596 516 3658 Pars
541 3592 657 3680 pepuli
683 3593 836 3660 deflentis
859 3597 945 3673 erat,
969 3596 1171 3677 noctemque
1194 3607 1388 3676 supremam

432 3699 593 3784 Janq'am,
617 3700 758 3785 quisque
782 3698 857 3780 sibi,
880 3703 1040 3766 aeternae
1064 3698 1276 3782 similemque
1300 3697 1466 3782 parebat3
1567 3743 1570 3747 -

434 3813 521 3877 Ante
547 3814 810 3897 lionampartem
834 3810 922 3877 sistit
946 3829 980 3877 so
1007 3809 1120 3877 villica
1144 3810 1255 3888 turba,

433 3918 590 4004 Vndique
614 3938 717 4002 ‹pram
741 3937 882 3985 numero
907 3916 1038 4002 ingenti
1063 3919 1283 4000 congesserat
1305 3914 1374 3996 ille,

432 4025 494 4102 Qui
519 4045 628 4111 nuper
652 4025 775 4111 capitis
799 4045 925 4112 peenas
948 4030 1116 4106 evaserat,
1140 4025 1268 4090 audax:

433 4137 475 4200 llt
499 4135 548 4201 sic
572 4134 628 4201 ille
652 4137 799 4202 tremens
825 4155 925 4202 voces
948 4134 1149 4202 dissolverat
1173 4133 1270 4199 istas:

433 4241 599 4318 Quidnam
624 4241 657 4307 in
683 4250 716 4308 te
740 4244 877 4309 sceleris
900 4246 1012 4310 sontes
1035 4239 1267 4307 commisimus
1291 4237 1382 4326 ipsit

433 4351 519 4415 Num
546 4355 603 4415 tua
628 4354 731 4429 terra,
754 4349 855 4433 gravi
878 4369 980 4435 qnam
1006 4367 1065 4415 nos
1091 4365 1264 4414 versamus
1279 4346 1425 4413 aratroi
