3382 5362
844 348 847 356 ’
945 385 1146 452 -rso-

521 532 588 598 Pro
612 527 727 618 patria
749 532 909 597 strenuus
932 546 1102 614 generosa
1125 532 1359 616 resumpserat
1382 508 1508 618 arnnal

522 637 682 716 Quisnam
707 635 774 703 erit
796 635 829 702 in
855 635 959 703 tantis
982 635 1135 705 animoso
1158 639 1262 705 corde
1287 636 1472 704 Camillus?

523 745 588 812 Vel
611 743 687 829 quis
711 742 867 811 Tirtaeus
890 741 984 810 cives
1006 741 1040 809 in
1064 743 1198 831 praelia
1220 745 1340 812 Martis

523 853 704 933 Percellat,
726 849 862 938 patriae
886 849 1011 918 vindex
1036 855 1071 917 et
1095 852 1239 920 Manlius
1262 834 1406 939 ecquis?

521 959 586 1027 Hei
609 958 711 1026 mihi!
737 959 849 1025 nullus
871 959 990 1026 adest:
1016 960 1139 1027 multos
1162 960 1265 1029 timor
1289 963 1437 1046 occupat
1462 956 1573 1023 imus:

523 1071 591 1135 Hos
615 1070 710 1134 tenet
733 1063 905 1153 impietas,
927 1065 1004 1132 auri
1028 1069 1083 1135 vel
1105 1086 1205 1135 sacra
1227 1068 1375 1156 cupido:

523 1178 560 1242 lu
583 1174 792 1264 suadamna
816 1175 931 1239 tamen
956 1174 1041 1240 bone
1065 1192 1143 1261 spes
1166 1175 1269 1243 illusa·
1289 1173 1435 1243 tetendit

521 1281 653 1350 Felices
675 1280 822 1363 animae,
846 1286 960 1349 vestro
984 1299 1072 1365 quae
1097 1283 1265 1367 sanguino
1289 1282 1389 1350 nobis
1452 1317 1481 1358 ,·

521 1389 609 1458 Huic
632 1388 767 1476 patriae
791 1388 963 1472 quondam
987 1387 1129 1474 fastigia
1151 1408 1284 1457 summa
1307 1386 1460 1468 dedistis

522 1498 671 1580 Parcite,
694 1497 722 1564 si
746 1500 878 1564 vestros
902 1498 1115 1565 venerandos
1138 1497 1275 1567 concito
1299 1517 1426 1566 manes.

522 1606 593 1673 Vos
616 1609 721 1693 caput
744 1607 929 1688 augustum
954 1603 1093 1671 tumulis
1120 1605 1274 1674 extollite
1299 1604 1425 1693 opacis

522 1713 658 1782 Oernite
681 1712 710 1779 si
733 1710 815 1797 quid
839 1711 976 1779 honoris
999 1713 1095 1780 adest
1119 1713 1154 1780 in
1177 1719 1319 1801 pectore
1344 1710 1449 1802 prisci

521 1821 703 1902 Nobilium,
726 1819 754 1886 si
776 1818 859 1905 quid
882 1818 987 1905 patrii
1010 1839 1100 1889 nuno
1123 1825 1232 1891 restat
1255 1822 1392 1891 amoris.

521 1932 586 2001 Hei
608 1929 711 2011 mihi,
726 1929 819 1996 nulla
841 1926 980 2014 quidem
1005 1929 1126 1998 melior
1149 1931 1320 1999 sententia
1343 1933 1493 1998 mentem

522 2042 577 2109 Sic
601 2037 755 2106 timidam
779 2039 935 2105 relevare
959 2041 1085 2123 potest,
1109 2058 1172 2107 nec
1196 2041 1305 2108 corda
1328 2037 1435 2106 virilis

522 2148 688 2233 Exagitet
711 2145 820 2213 virtus
833 2145 844 2212 :¹
865 2146 924 2213 sed
949 2148 1042 2214 facta
1064 2145 1199 2214 silentia
1222 2148 1365 2229 cunctis,

522 2263 596 2325 Dux
622 2252 781 2340 lacrymis
804 2257 950 2337 tantum,
973 2254 1033 2321 sed
1056 2255 1156 2322 firmo
1180 2256 1272 2322 haud
1295 2256 1399 2325 corde
1420 2270 1609 2341 pavescens

521 2363 651 2449 Surgit,
674 2367 709 2430 et
733 2364 880 2446 augusto
905 2360 1101 2429 diademate
1126 2367 1283 2450 tempora
1306 2364 1424 2444 nudat,
1650 2357 1655 2367 '

524 2474 610 2540 lllud
635 2476 671 2539 et
694 2472 858 2537 ambabus
881 2467 1017 2554 trepida
1041 2470 1223 2539 tormidine
1248 2470 1343 2538 lassis

521 2587 596 2669 lpse
620 2581 716 2646 tenet
740 2575 905 2660 manibus,
929 2576 1089 2643 Patribus
1112 2577 1240 2645 dehinc·
1258 2578 1342 2645 talia
1365 2578 1481 2645 satur:
1553 2557 1560 2572 ⁶

522 2698 588 2762 Res
611 2692 709 2771 dura,
733 2694 767 2755 et
793 2687 872 2754 belli
895 2686 1029 2754 novitas
1053 2707 1107 2754 me
1132 2689 1226 2771 talia,
1250 2693 1380 2774 Patres,

521 2801 669 2867 Efficere
692 2794 892 2881 impellunt:
917 2813 996 2860 narn
1020 2795 1147 2860 nullam
1172 2815 1295 2883 nempe
1319 2795 1438 2863 salutis

477 2995 479 3001 ι
520 2904 678 2993 Respioio
703 2903 776 2990 ipse
801 2901 912 2969 viam:
937 2921 1023 2987 gens
1045 2902 1177 2971 Gallica
1201 2903 1330 2972 viribus
1353 2903 1468 2971 audax

473 3022 475 3027 ’
520 3019 698 3084 Portentat
718 3010 853 3098 jugulis
876 3010 1012 3097 gladios
1035 3010 1244 3098 immergere
1269 3013 1403 3082 nostris.

521 3119 680 3193 Consului
704 3120 775 3207 ipse
801 3118 904 3186 mihi:
929 3120 1029 3187 trado
1053 3138 1142 3206 quae
1166 3125 1259 3189 serta
1282 3119 1443 3189 dedistis:

521 3228 691 3302 Consulite
715 3230 780 3297 hoo
804 3228 909 3296 etiam
934 3232 1069 3296 vestrae
1095 3246 1155 3297 vos
1178 3233 1334 3317 tempore
1358 3229 1461 3297 vitae.

521 3344 596 3410 Heu
620 3337 702 3406 satis
726 3341 830 3423 atque
854 3356 957 3423 super
981 3340 1048 3403 Res
1072 3356 1181 3422 regno
1204 3337 1343 3425 publica
1367 3336 1472 3419 fulsit,

521 3447 740 3532 Exitiumque
763 3464 862 3512 suum
887 3463 975 3512 nuno
999 3443 1158 3532 improba
1181 3447 1254 3513 sata
1277 3450 1478 3533 perurgent.

521 3559 569 3624 Ne
593 3553 673 3622 satis
696 3552 870 3621 obsistite:
896 3572 974 3620 nam
998 3554 1098 3635 bella,
1122 3553 1263 3622 horrida
1287 3556 1385 3638 bella,

522 3671 633 3752 Atque
657 3665 765 3731 undas
788 3667 904 3731 nostro
929 3670 1124 3750 spumantes
1148 3664 1320 3749 sanguine
1339 3683 1453 3733 cerno.

522 3776 576 3844 Sic
600 3774 660 3855 ait,
684 3777 787 3858 atque
812 3772 915 3840 timor
938 3773 1044 3840 menti
1060 3774 1240 3840 uelamina
1263 3774 1395 3861 pandit,

521 3886 700 3972 Improbus
723 3886 758 3949 et
781 3881 908 3967 linguis
932 3882 1103 3969 torpentia
1128 3882 1265 3950 vincula
1288 3883 1405 3950 nectit.

522 4000 647 4083 Ingens
670 3993 809 4060 auditur
833 3990 989 4057 frornitus
1012 4011 1174 4059 resonare
1198 4012 1261 4078 per
1285 3976 1411 4072 aulam,

522 4111 570 4178 Vt
593 4103 697 4174 maris
720 4098 887 4169 Australis
911 4099 1046 4167 madido
1069 4099 1254 4186 spiramine
1280 4098 1373 4166 vonti

522 4215 700 4285 Horrendo
724 4210 910 4296 longinqua
933 4213 1054 4274 sonant
1077 4226 1155 4273 cum
1182 4227 1356 4274 murmure
1380 4202 1497 4274 nobis:

523 4329 586 4400 Vel
611 4323 700 4392 sicut
724 4317 825 4401 tristi,
849 4317 930 4382 dum
955 4334 1023 4383 nox
1046 4317 1143 4382 coelo
1168 4317 1314 4383 occubat
1337 4319 1426 4399 atra,
