3382 5362
748 458 949 525 -143-

327 597 423 666 Nune
446 598 521 683 tibi,
544 600 603 688 qui
627 605 741 671 torrae
764 623 831 672 non
855 623 1005 690 unquam
1030 623 1066 672 es
1090 602 1207 671 vivere
1231 603 1368 690 dignus

326 706 394 773 Per
417 709 523 777 decus
546 708 619 796 ipse
642 731 769 793 meum,
792 732 855 798 per
878 718 996 781 sancta
1021 732 1087 798 ego
1112 711 1258 778 Numina
1277 711 1372 798 juro,

327 816 422 890 Quod
446 815 529 884 mihi
553 818 621 886 sert
644 819 778 886 animus
801 825 906 889 temet
929 841 1121 908 supponere
1146 819 1259 886 morti.

325 927 402 990 lam
426 926 606 1011 moriatur,
629 927 690 1010 ait,
714 928 879 996 moriatur
903 932 1055 1016 perfidus
1079 929 1155 1010 iste,

325 1033 352 1095 ll
376 1035 501 1118 populo
525 1035 652 1102 clamat
676 1035 825 1103 confusis
850 1038 989 1105 vocibus
1012 1036 1131 1104 omnis.

325 1141 468 1225 Jamque
492 1141 608 1208 minax
632 1142 721 1210 tollit
744 1145 897 1228 gladium
923 1145 1016 1211 neeis
1039 1145 1095 1211 ille
1119 1141 1285 1222 minister,

324 1248 365 1313 Et
390 1247 510 1316 rutilat
534 1251 675 1332 forrum,
698 1271 760 1337 per
784 1252 927 1338 spissum
952 1258 1055 1339 atque
1079 1258 1163 1316 abra
1186 1248 1308 1334 mugit.

323 1359 399 1424 Jarn
423 1357 588 1426 feriturus
611 1364 698 1441 erat,
721 1364 886 1446 rupturus
909 1362 1055 1428 stamina
1079 1359 1191 1425 vitae:

321 1466 404 1532 Cum
429 1485 509 1534 reus
533 1467 718 1536 exterritus
741 1469 847 1553 gladii
872 1471 1008 1554 fulgore
1032 1466 1174 1534 minacis

321 1573 373 1639 Ad
397 1594 513 1660 genua
536 1576 732 1644 exclamans
756 1597 882 1661 magno
905 1576 1121 1664 provolvitur
1146 1573 1228 1653 ictu,

320 1680 444 1768 Sicque
467 1684 516 1751 ait
541 1686 666 1751 effusus
689 1684 783 1751 canis
807 1687 1034 1771 squalloribus
1057 1700 1129 1752 ora.

320 1790 383 1858 Hei
407 1791 490 1860 mihi
514 1813 617 1879 quam
642 1811 778 1878 possum
799 1793 874 1879 jam
898 1813 988 1861 nunc
1012 1809 1153 1879 sperare
1176 1786 1348 1855 salutem?

319 1900 394 1966 Heu
418 1905 591 1987 nequeunt
615 1904 733 1983 verba,
756 1907 860 1988 atque
884 1922 1006 1990 preces
1029 1904 1187 1969 avertere
1212 1894 1378 1962 mortem!

318 2009 383 2075 Sed
407 2011 503 2096 prius
527 2013 708 2079 aethereas
731 2017 853 2100 pereat
876 2033 979 2099 quam
1003 2011 1143 2098 spiritus
1167 2023 1281 2086 auran,

317 2118 366 2183 Ne
391 2117 510 2203 pigeat
532 2118 695 2186 miserum
720 2125 893 2207 postremo
917 2120 1038 2187 audire
1061 2118 1268 2204 loquentem.

317 2227 359 2291 Et
384 2226 533 2311 primum
558 2227 670 2295 fateor
693 2229 755 2296 tali
778 2249 833 2295 me
857 2218 1000 2296 crimine
1024 2236 1166 2294 scut-em.

316 2334 391 2400 Heu
415 2334 564 2417 facilem,
588 2355 771 2420 cognosco,
795 2337 915 2403 t'esellit
939 2335 1054 2422 opinio
1078 2335 1248 2399 mentem:

316 2441 377 2508 Ast
401 2442 501 2510 bomo
526 2462 688 2530 perverso
714 2448 867 2512 mutatur
891 2448 1046 2529 temporo
1070 2458 1182 2507 sanus.

315 2549 614 2636 Francigenasque
638 2555 764 2633 truces,
788 2553 929 2619 suerunt
951 2551 1009 2638 qui
1033 2567 1138 2617 causa
1162 2545 1341 2623 malorum,

314 2659 507 2744 Prosequar
531 2659 679 2726 aeternis
703 2659 801 2742 odiis
824 2664 858 2726 et
881 2662 1009 2746 probra
1033 2657 1225 2724 refundam.

314 2766 426 2851 Atque
450 2765 534 2834 mibi
558 2766 609 2832 sas
633 2766 677 2832 sit
700 2766 868 2851 reliquam
893 2769 1086 2835 conducere
1113 2765 1217 2829 vitum

313 2873 469 2959 conjuge
493 2893 572 2942 eum
596 2874 732 2955 misera,
757 2879 791 2942 et
815 2875 918 2943 toties
941 2872 1112 2960 genitrice
1137 2867 1279 2950 misella,

313 2983 405 3056 Quae
429 2987 513 3067 quot
536 2980 602 3048 sint
627 3001 716 3051 nunc
739 2983 887 3049 inliurdis
909 2982 1124 3050 moeroribus
1148 2980 1258 3052 actae,

313 3087 420 3164 Quive
444 3091 542 3158 dolor
567 3093 701 3172 tundat,
725 3091 886 3158 testantia
910 3090 1054 3156 Numina
1077 3088 1213 3153 norunt.

311 3196 401 3263 Ante
424 3197 510 3265 alios
533 3199 641 3265 eheu!
668 3203 779 3265 mater
803 3219 856 3265 mo
880 3217 1015 3283 semper
1039 3196 1188 3272 amabat,

312 3303 464 3372 Duleiter
487 3309 521 3372 et
545 3305 674 3391 conjux
698 3305 809 3374 socios
833 3305 996 3373 miscebat
1023 3319 1168 3370 arnores

311 3411 384 3477 Ab!
410 3411 510 3479 sinite
535 3432 633 3497 ergo,
657 3412 734 3496 viri,
758 3414 919 3480 miserum
945 3433 998 3480 me
1023 3409 1155 3478 vescier
1178 3423 1265 3472 aura

310 3516 430 3601 vitali,
453 3523 637 3605 percurrat
661 3521 773 3588 adbuc
798 3540 900 3589 cruor
925 3522 987 3588 iste
1011 3539 1075 3605 per
1098 3517 1201 3602 ipsas

310 3626 403 3701 Quae
427 3625 510 3693 mihi
534 3631 708 3711 coguntur
732 3627 848 3712 gelida
872 3628 1067 3710 formidine,
1096 3641 1209 3691 venas.
1254 3613 1256 3618 ’

310 3732 396 3808 Quid
421 3752 504 3801 nece
528 3736 734 3820 sperandum
760 3735 793 3801 iu
818 3741 945 3818 nostra,
965 3737 1040 3822 Jam
1065 3732 1191 3820 quidve
1216 3728 1337 3795 salutis

309 3841 502 3907 Venturum
528 3841 633 3926 vobis,
656 3845 796 3910 subeam
820 3843 847 3909 si
872 3846 995 3910 lunera
1018 3841 1164 3928 captus?

308 3948 438 4024 Quidve
463 3947 556 4029 mali,
580 3948 705 4016 misero
729 3949 837 4017 sinitis
862 3952 889 4017 si
913 3955 1039 4019 ducere
1065 3949 1198 4017 vitam?

308 4055 388 4120 Sum
412 4074 549 4140 quoque
573 4074 639 4139 ego
664 4059 828 4139 Venetus,
853 4058 981 4145 primas
1004 4054 1220 4145 pulmonibus
1243 4070 1346 4119 auras

308 4161 469 4244 Exhausi,
493 4162 557 4229 fuit
581 4164 666 4231 llaec
691 4169 785 4231 aetas
805 4165 971 4250 juvenilis
994 4168 1028 4233 in
1053 4168 1150 4244 urbe,

308 4269 450 4354 Semper
473 4273 508 4336 et
532 4272 613 4336 urbs
637 4275 767 4337 rectam
794 4272 879 4339 vidit
902 4279 1096 4344 conducere
1122 4274 1226 4340 vitam

308 4374 394 4450 Quid
419 4375 558 4443 sceleris
581 4375 719 4463 patuit?
743 4380 835 4466 turpi
860 4402 927 4466 quo
952 4384 1094 4451 crimine
1119 4389 1282 4469 nostram,
