3382 5362
659 422 839 489 ..55-

229 574 344 661 Atque
366 570 414 641 ibi
438 569 618 651 Patricius
640 567 738 655 queis
760 588 846 636 :iuro
871 570 975 637 vestis
997 578 1033 639 et
1056 578 1149 641 ostro

230 682 368 767 Fulget,
391 698 524 747 summa
545 677 668 765 quillus
691 678 831 742 luerunt
854 686 890 743 et
913 678 1045 746 eredita
1068 700 1197 763 mrum,

231 792 300 857 Per
322 788 411 871 fora,
433 805 565 875 perque
588 786 709 853 domus
732 784 851 863 celsis,
875 788 910 851 et
935 786 1059 871 ubique
1084 790 1236 855 loeorum

232 896 468 982 insequimur:
493 898 626 962 nosmet
650 893 737 959 testo
761 890 795 955 iu
821 893 1011 977 penetralia
1035 899 1130 964 vultu

233 1002 432 1091 Excipiunt,
455 1000 514 1069 ubi
536 999 732 1087 suppedittt
756 1019 836 1065 mox
860 999 1007 1085 prodiga
1031 1004 1128 1069 uobis

232 1114 358 1179 Lautos
380 1128 499 1178 mensa
520 1108 628 1189 eibos
651 1104 837 1193 peregrina
859 1111 895 1173 et
920 1127 1062 1177 munera
1085 1111 1222 1194 Bacchi,

232 1217 398 1306 Aptisque
423 1216 514 1283 inter
537 1235 599 1283 nos
621 1216 797 1281 firinaums
821 1215 963 1280 l'oodera
985 1215 1096 1285 dietis.

232 1328 297 1396 Hic
318 1325 428 1395 nostri
450 1344 601 1412 gressus
624 1322 897 1411 exportandique
922 1323 990 1391 triu
1028 1327 1099 1413 phi,

231 1434 296 1503 Hie
318 1452 396 1502 mee
418 1452 545 1519 magna
568 1432 674 1499 fides:
698 1429 725 1495 si
751 1449 817 1496 uun
842 1432 977 1499 lallaciu
1000 1434 1098 1501 nouis

232 1542 435 1613 Reddantur
457 1539 634 1629 promissa,
658 1535 755 1605 brevi
778 1548 874 1603 certe
899 1540 1005 1607 turm
1028 1554 1145 1609 nostra
1167 1548 1230 1611 ost.

232 1649 292 1721 cui
309 1652 504 1735 Bonapers:
521 1648 609 1731 Age,
625 1642 823 1713 continuato
839 1644 1070 1734 animumque,
1087 1652 1319 1737 laboremque,

232 1755 428 1827 Advenient
451 1754 551 1843 operi
576 1752 764 1821 clarissima
787 1754 942 1839 praemia
964 1763 1069 1825 tanto.

233 1868 309 1935 Jam
331 1865 476 1933 reboant
499 1864 603 1931 urbes
624 1858 813 1947 praeclaris
836 1861 991 1929 laudibus
1014 1884 1143 1947 (urium,

234 1971 389 2059 Regibus
411 1970 573 2059 expulsis,
595 1970 716 2037 reboat
739 1985 829 2034 nuno
853 1972 944 2036 totus
967 1976 1003 2037 et
1026 1973 1128 2040 orbis.

234 2084 350 2167 Perge
366 2078 491 2147 iterum
507 2079 552 2145 ad
568 2080 731 2157 Venetis,
748 2077 834 2143 liene
851 2088 972 2143 salitus
989 2091 1024 2146 et
1041 2100 1114 2149 esse
1138 2086 1325 2165 momente,

235 2188 445 2272 Secretoque
468 2203 547 2251 sues
570 2182 604 2250 in
628 2188 778 2251 nostram
805 2182 979 2251 adducere
1005 2194 1148 2271 mentes,

235 2294 343 2373 Quam
366 2312 430 2381 par
453 2298 517 2373 est,
539 2290 642 2359 eitius
664 2308 769 2357 ourae
795 2288 953 2375 viresque
979 2295 1145 2363 laluuent.

235 2404 459 2470 Persorutare
481 2398 624 2477 animoa,
650 2416 751 2463 voees
775 2399 963 2483 perpende,
986 2404 1186 2490 inollosque,

236 2510 327 2589 Quos
348 2511 518 2596 peragant
542 2504 690 2575 Veneti:
717 2504 891 2571 incautum
916 2526 958 2573 ne
983 2520 1142 2597 erumpat
1169 2514 1213 2577 al)
1241 2530 1301 2579 ore

237 2616 383 2696 Dictum,
407 2619 442 2683 et
464 2615 577 2681 adhue
599 2612 733 2693 simula,
756 2611 913 2680 adriacis
937 2634 997 2683 uos
1020 2617 1127 2685 tlieito
1151 2618 1290 2687 arriioos

237 2722 423 2811 Fingemus
446 2740 564 2790 erosis
586 2718 718 2787 meliori
745 2725 900 2806 tempure
927 2724 1027 2811 belli3

239 2834 325 2899 Nam
347 2830 483 2917 quoties
505 2828 618 2895 animo
643 2826 759 2909 lilurat,
781 2829 984 2916 ‹protiesquo
1010 2854 1159 2918 neeesse,

237 2937 376 3009 Praelia
398 2942 559 3025 promptu
583 2954 722 3001 rumore
748 2942 859 3021 potest
884 2939 1018 3005 ‹rreusio
1041 2944 1193 3025 ‹prueris

239 3045 326 3125 Quin
349 3044 454 3113 etiam
477 3042 560 3129 quid
583 3043 695 3128 opust
719 3043 957 3129 persperinms
981 3049 1095 3115 onmia
1118 3069 1255 3137 semper

239 3154 368 3225 Cedere
391 3149 626 3237 FranoigeniS,
649 3169 795 3236 quorum
821 3150 870 3217 ris
895 3154 1044 3241 midique
1070 3161 1188 3225 terret.

240 3264 289 3331 ru
311 3264 439 3343 tamen,
461 3278 482 3327 ο
506 3258 678 3326 Landruxi
694 3280 702 3345 ;
718 3257 912 3345 iterumque
929 3276 1124 3351 iterumque
1143 3268 1303 3348 monebu,

240 3370 254 3439 1
277 3368 441 3459 prudens
462 3385 589 3454 pareus
611 3367 666 3447 da,
689 3366 856 3452 prodigus
879 3369 992 3438 omma
1016 3374 1155 3459 sponde.

240 3474 410 3548 Conticuit
433 3478 618 3563 Bouapam,
642 3484 677 3541 et
699 3476 743 3540 ad
768 3476 907 3543 lmrrida
932 3484 1218 3565 permutantia,

240 3586 372 3656 Rursus
393 3587 432 3651 ut
453 3583 633 3651 horrorem
659 3586 810 3650 Venetus
832 3584 977 3655 interret
1001 3588 1035 3655 in
1059 3609 1174 3674 agros
1242 3570 1248 3581 ¹

241 3693 304 3772 Qui
327 3694 479 3773 luerunt,
502 3691 610 3759 eheu!
638 3689 745 3757 tristis
768 3711 871 3759 suma
895 3695 998 3761 anxia
1021 3697 1112 3765 belli.

241 3802 348 3869 Tanta
370 3798 437 3867 suit
460 3802 672 3867 Venetorum
697 3800 781 3866 luuu·
807 3800 1026 3871 inelementia
1050 3809 1202 3892 Petrum,

241 3909 304 3988 Qui
327 3906 428 3979 siccis
451 3906 559 3975 oculis
581 3907 694 3973 Gallos
717 3908 849 3975 saevire
877 3911 1045 3979 ridebant.

242 4020 280 4085 ln
302 4014 457 4095 miseros,
479 4015 691 4101 populosum
716 4035 805 4097 suus,
828 4016 952 4101 quilius
975 4038 1081 4104 usquo
1106 4032 1256 4105 negatur

242 4126 303 4192 Jus
324 4141 460 4209 quoque
484 4136 627 4189 natiuae
653 4120 754 4188 toties
779 4123 947 4209 totiesque
971 4127 1129 4213 pitirum,

244 4231 386 4307 Viribus
408 4234 446 4298 ut
470 4228 620 4317 propriis
643 4231 814 4297 Gallorum
839 4234 969 4318 pellere
994 4233 1085 4300 vires

244 4338 350 4427 Copia
371 4339 465 4407 saeta
487 4340 596 4408 soret:
622 4340 760 4406 terrens
782 4339 956 4408 exereitus
979 4340 1100 4427 iugens
