3382 5362
669 399 846 462 ..87...

240 548 383 614 Velatus
407 543 512 612 ramis
535 544 645 624 oleae,
669 540 834 628 pacisque
858 548 1044 629 sequester.

240 655 309 723 Vix
334 654 418 736 vis0‚
441 653 587 740 populus
612 652 723 718 fertur
747 648 956 717 furibundus
979 651 1013 718 in
1037 652 1145 737 illum,

238 765 363 847 Vrget,
388 765 423 828 et
446 761 595 828 adversa
618 755 750 845 prensis
774 775 795 822 a
819 756 932 825 fronte
956 760 1089 846 capillis

238 868 368 937 Stravit
391 866 486 934 humi
509 884 667 953 pronum,
691 863 805 930 sonuit
828 865 890 932 sub
913 867 1067 952 pondere
1092 869 1202 936 tellus.

240 980 309 1046 Nec
334 995 443 1057 mora,
466 993 529 1042 nec
552 972 710 1058 requies:
737 973 832 1038 errat
856 973 957 1040 modo
982 979 1141 1062 tempora
1163 977 1295 1044 circum

239 1087 367 1153 Crebra
390 1101 521 1163 manus,
544 1079 744 1164 circumque
769 1096 892 1144 aures:
917 1081 1018 1148 modo
1047 1085 1188 1152 vulnere
1213 1087 1323 1173 pugni

240 1194 400 1278 Ingentes
424 1188 597 1275 crepitant
620 1186 733 1270 nigre,
756 1185 932 1272 faciesque
956 1189 1127 1258 tumescit.

241 1303 415 1382 Exululat,
437 1301 567 1366 l'rustra
590 1295 826 1382 requiemque
838 1301 1014 1383 precatur,
1037 1319 1218 1386 opemque.

239 1412 352 1495 thue
376 1424 503 1494 graves
527 1401 661 1484 nimbis,
685 1404 720 1470 et
743 1403 852 1470 multa
875 1405 1045 1489 grandine
1070 1411 1177 1476 nubes

239 1515 448 1586 Culminibus
471 1511 596 1580 scissae
620 1509 816 1597 crepitant3
840 1510 889 1578 sic
913 1511 1039 1580 ictibus
1063 1516 1172 1583 omnis

240 1622 492 1707 Contunditque
517 1619 629 1685 virum
652 1618 812 1705 populus,
836 1623 1019 1707 versatque
1043 1626 1237 1692 scelestum.

240 1738 324 1801 Dum
348 1735 464 1798 tamen
489 1725 672 1813 egregium
696 1725 821 1810 vulgus
845 1727 1011 1795 tumidam
1036 1731 1187 1817 explicat
1210 1731 1310 1816 iram,

241 1838 442 1928 Captivique
466 1837 594 1903 cadunt
616 1834 744 1920 plures,
767 1835 952 1920 pluresque
977 1837 1146 1906 dabantur

239 1944 446 2031 Francigeni
470 1943 585 2011 letho:
609 1939 697 2008 turri
723 1946 805 2008 tunc
828 1940 928 2027 signa
951 1952 1135 2037 coruscant

239 2058 327 2125 Alba
349 2072 453 2141 super
477 2053 580 2133 celsa,
604 2052 744 2136 optatae
768 2051 949 2135 praeludia
971 2054 1079 2140 pacis.
1196 2132 1203 2143 ⁵

241 2162 327 2231 Hinc
350 2159 454 2230 Vrbis
478 2163 634 2238 Praetor,
658 2156 714 2224 oui
738 2157 834 2244 pacis
858 2178 1005 2234 munera
1030 2163 1140 2246 cordi,

241 2270 435 2356 Alloquitur
459 2269 624 2356 populum
648 2267 744 2333 clara
767 2256 1118 2352 pietate‘surentem:

243 2377 389 2464 Egregii
414 2376 514 2458 Socii,
539 2396 559 2443 o
583 2368 709 2443 Veneti
732 2393 814 2460 pars
837 2393 965 2459 magna
988 2378 1136 2462 decoris,
1236 2377 1241 2451 Ϊ

245 2485 357 2554 Armis
382 2486 468 2552 heu!
496 2485 633 2551 tandem
659 2480 825 2563 desistite,
849 2483 976 2551 llectite
1002 2489 1037 2553 et
1061 2485 1158 2554 iram.

242 2593 380 2662 Parcite
405 2610 464 2660 vos
489 2591 593 2672 vitae,
616 2593 652 2656 el
675 2590 779 2656 rebus
801 2593 938 2657 servate
962 2593 1132 2662 secundis

242 2706 346 2770 Plura
368 2704 591 2786 loquuturum
617 2696 713 2782 vulgi
737 2698 834 2764 furor
857 2697 1015 2785 impedit,
1038 2706 1144 2788 atque

241 2814 308 2879 Nos
331 2808 446 2897 potius
469 2807 670 2887 moriamur,
693 2803 753 2885 ait,
776 2825 879 2891 quam
903 2810 1029 2877 cedere
1054 2811 1167 2878 Gallis.

241 2923 290 2987 Vt
314 2917 406 2985 vires
431 2919 552 2983 ventus
576 2911 729 2998 majores
752 2911 866 2998 objice
890 2915 1005 2998 sumit,

243 3030 285 3095 Et
310 3043 414 3112 saepe
438 3025 591 3092 esculeos
614 3023 685 3088 alta
709 3040 728 3088 e
752 3019 869 3089 radice
893 3024 1030 3097 revellit

243 3139 309 3204 Per
330 3133 421 3220 juga
444 3133 618 3217 sylvarum
642 3133 793 3210 truncos,
817 3129 984 3218 pinusque
1010 3137 1173 3220 vetustas,

242 3244 297 3313 Sic
321 3233 447 3311 iterum
472 3239 535 3307 visi
559 3241 691 3306 laxatas
714 3255 849 3306 sumere
875 3239 977 3323 vires,
1212 3240 1213 3244 ’

242 3354 309 3420 Per
334 3352 420 3432 lora,
444 3366 574 3436 perque
600 3346 672 3414 vias
695 3345 817 3414 animis
836 3345 1053 3435 iuvenesque
1078 3369 1244 3440 senesque

242 3459 434 3529 Concordes
458 3457 565 3525 durae
589 3459 726 3524 certant
748 3458 954 3526 occumbere
979 3459 1093 3542 morti,

242 3565 282 3634 Ni
307 3568 444 3634 valeant
467 3564 571 3633 armis
595 3562 729 3650 patriae
754 3563 883 3631 donare
907 3567 1063 3635 salutem.

244 3677 318 3744 Nox
343 3675 469 3743 iterum
494 3672 588 3741 venit
611 3673 713 3740 rebus
737 3676 881 3759 raptura
905 3676 1068 3758 colorem,
1174 3765 1176 3769 Ι

243 3785 285 3852 Et
309 3782 405 3869 vulgi
430 3783 612 3849 tenebrosa
635 3781 729 3847 l'ovet
751 3781 950 3869 rabiemque
975 3785 1162 3872 minasque.

242 3894 317 3960 lam
341 3908 578 3977 quaecumque
601 3907 705 3954 manu
729 3890 818 3956 Galli
841 3908 968 3960 vexere
993 3895 1111 3980 rapaci
1150 3894 1152 3899 ’

243 4002 279 4066 ln
305 4021 367 4068 sua
389 4019 492 4085 quam
517 3998 630 4079 citius,
653 3998 725 4064 ulto
750 3999 836 4067 bene
857 3999 953 4085 jure,
976 4007 1176 4072 resumunt:

242 4110 304 4175 Ast
327 4129 394 4194 quo
418 4105 591 4195 pertraxit
615 4105 727 4172 rabies
751 4105 890 4174 ultricia
912 4111 1017 4194 l'urta,

242 4215 314 4293 Quo
339 4217 436 4283 furor
459 4211 662 4280 immodicus
685 4213 803 4299 populi
828 4219 910 4283 tunc
934 4216 1071 4303 impulit
1095 4219 1220 4287 arma?

245 4325 357 4392 Saeva
380 4322 502 4411 rapina
525 4324 643 4391 domos
667 4320 784 4404 intrat,
807 4341 942 4410 quoque
968 4325 1119 4393 laeditur
1142 4327 1216 4415 ipse
