3382 5362
632 378 834 444 -135-

206 523 341 591 Detinet
365 526 469 608 atque
493 521 586 591 dorni
609 524 817 609 praeceptus
842 526 954 589 mente
980 523 1146 589 turnultus

203 632 291 712 lllos,
313 630 371 717 qui
396 630 502 697 vitam
528 629 705 715 trepidant
729 646 904 714 exponere
929 629 1029 696 cladi.

200 737 387 805 Deficiente
412 742 528 804 tamen
554 754 696 803 nurnero
721 735 843 822 (eheul
869 736 1009 822 prodita
1032 738 1149 821 legum

201 844 385 929 Sacrilegis
409 849 562 929 augusta
585 841 695 910 modis
717 841 892 925 gravitas!
919 863 1063 911 numero
1088 861 1167 910 nam

202 953 409 1019 sexcentum
432 954 556 1018 saltem
579 953 701 1017 Patres
725 949 909 1036 exquirere
934 953 1041 1039 leges)

202 1059 352 1126 Maxima
374 1064 443 1125 tarn
470 1060 561 1126 loesa
585 1076 701 1124 rerum
726 1055 815 1144 (quis
838 1059 982 1126 credere
1006 1063 1121 1145 posset
1135 1059 1173 1148 1).

201 1167 294 1241 Quae
317 1170 414 1232 aetas
437 1165 530 1231 nulla
553 1163 644 1244 tulit,
667 1166 823 1229 statuunt
847 1164 1037 1233 decernere
1061 1168 1139 1252 lege

202 1276 369 1360 Tempore
393 1271 566 1360 praesenti
590 1270 752 1337 insidiosa
775 1272 932 1357 potentia
955 1273 1097 1354 fraudis,

200 1380 432 1466 Perfidiesque
457 1384 553 1447 tenet
578 1377 731 1466 privatas
754 1380 882 1446 lumine
907 1385 1050 1463 mentes

170 1480 185 1497 ⁶
199 1488 285 1564 Quin
309 1506 387 1574 spes
410 1490 515 1569 nulla,
538 1489 674 1554 volente
699 1489 779 1571 Deo,
796 1505 892 1554 ,nunc
916 1489 1054 1555 luminis
1077 1488 1177 1557 adsit.

198 1599 383 1683 Postquam
408 1595 622 1680 introgressi,
645 1600 727 1661 tunc
751 1599 844 1661 moto
868 1596 1008 1664 cardine
1032 1600 1155 1683 portae

199 1705 422 1786 clauduntur,
446 1705 606 1789 nullaque
630 1721 727 1769 mora
750 1702 871 1769 sedilia
894 1704 1025 1772 circum

198 1812 365 1898 Occupat,
388 1815 424 1880 et
447 1809 560 1878 media
582 1827 718 1896 quoque
742 1808 903 1879 distincto
927 1812 1047 1880 ordine
1070 1812 1105 1878 in
1129 1814 1210 1880 aula

198 1919 334 1987 Assidet
357 1939 401 1987 ex
425 1917 585 1985 Patribus
607 1915 760 2002 quisquis
782 1919 980 2004 praefulget
1003 1921 1142 1989 honore.

198 2025 363 2114 Aspicite,
386 2047 406 2094 0
430 2028 563 2107 Ρο1100,
587 2028 622 2091 01
645 2023 774 2091 lumina
798 2027 923 2109 vertite
947 2026 1090 2111 circum,

198 2134 305 2210 Quem
328 2135 485 2202 referunt
510 2133 648 2200 tabulae
671 2131 798 2218 pictae,
823 2153 883 2200 vos
909 2135 1042 2204 cernite
1066 2135 1217 2204 inustum

198 2220 342 2309 Pectore
365 2238 514 2310 ferventi
538 2239 686 2326 patriae,
709 2243 744 2306 et
768 2239 906 2308 virtutis
928 2262 1093 2312 amorem.

118 2366 121 2371 ·
199 2346 333 2416 cernite
353 2348 512 2435 justitiae
536 2347 687 2415 lacinus:
712 2347 876 2432 Byzantia
899 2369 1009 2435 regna

198 2455 307 2540 Capta
331 2456 448 2523 videre
472 2474 570 2522 suum
595 2457 803 2522 Coninenum
827 2455 861 2521 in
885 2464 1025 2545 sceptra
1050 2464 1249 2548 repostum:
1327 2483 1331 2488 ·

198 2563 294 2628 Haec
317 2563 394 2645 fuit,
417 2583 437 2630 0
461 2563 645 2649 quendam,
669 2565 883 2630 Venetorum
907 2565 1021 2650 gloria
1043 2586 1189 2635 surnrna.

199 2667 335 2737 Cernite
359 2670 441 2756 quid
465 2671 578 2759 potuit
601 2669 713 2757 pietas
737 2674 892 2758 spectata
916 2672 1011 2740 Ziani

198 2776 402 2845 Parrhasiae
427 2778 512 2845 vivis
537 2797 698 2866 expressa
722 2777 895 2846 coloribus
918 2781 1013 2849 artis.

199 2883 259 2951 Ille
283 2883 336 2952 vir
358 2884 541 2955 immanem
566 2885 734 2954 l'riderici
758 2889 914 2971 fregerat
939 2887 1039 2972 iram,

199 2992 273 3069 Qua
296 2996 473 3079 perculsus
497 2995 693 3062 Alexander
717 2994 912 3063 diademate
936 3016 1035 3066 sacro

198 3102 368 3187 Tempora
388 3101 504 3170 cincta
526 3122 653 3187 gerens
677 3107 829 3171 nostram
855 3106 1061 3192 confugerat
1086 3111 1218 3178 urbem.

198 3207 287 3275 Ecce
310 3210 432 3277 urbem
455 3209 595 3296 repetit,
619 3215 799 3298 postquam
824 3214 1013 3283 certamine
1038 3217 1146 3284 multo

198 3314 402 3402 lmplacidos
426 3320 636 3386 contarenus
659 3323 734 3386 Dux
758 3319 890 3388 vicerat
914 3323 1040 3407 1100100,

198 3423 337 3490 AEmula
359 3444 444 3510 quos
468 3425 562 3494 acuit
584 3429 798 3495 ‘Venetorum
823 3432 934 3498 Janua
956 3430 992 3498 in
1015 3452 1123 3502 arces.

175 3528 265 3616 ‘Eja
287 3550 435 3618 quoque,
459 3553 479 3602 0
503 3537 635 3618 Ρο1100,
659 3539 775 3605 oculos
799 3539 955 3608 extollite
980 3546 1123 3625 vestros,

198 3636 372 3714 Quaenam
396 3641 501 3726 longa
525 3645 654 3709 Ducum
678 3643 785 3711 series
809 3648 880 3726 Vos
903 3651 983 3715 ante
1007 3656 1163 3736 paratur,

199 3744 262 3822 Qui
285 3744 434 3833 patriam
459 3750 591 3817 duxere
615 3771 710 3818 suam
735 3754 778 3819 ad
803 3755 944 3840 lastigia
967 3776 1099 3826 summo

200 3853 340 3922 Vertice
365 3857 460 3922 clara
484 3858 595 3942 magis
618 3879 682 3945 per
706 3864 757 3928 101
781 3864 972 3931 certamina
995 3867 1125 3934 laudis!

199 3962 292 4046 Ergo
317 3967 369 4030 tot
392 3983 502 4044 casus,
525 3970 561 4032 et
584 3971 636 4035 tot
659 3967 857 4039 discrimina
881 3993 997 4041 rerum

200 4068 372 4155 Turpiter,
396 4075 431 4137 et
455 4077 569 4139 tantas
591 4093 693 4142 curas
717 4077 868 4145 reddetis
892 4080 1035 4148 inanest

200 4178 340 4245 Carolus
363 4198 449 4263 ergo
473 4180 543 4246 ruit
567 4183 696 4248 t'rustra
719 4203 782 4270 per
806 4186 939 4270 proelia
962 4192 1080 4272 ZenuS,

201 4283 264 4363 Qui
288 4284 421 4372 rigidas
442 4287 578 4374 patriae
602 4292 697 4376 leges
721 4302 756 4359 et
780 4293 917 4361 vincula
939 4315 1059 4386 passus
