<?xml version="1.0" encoding="UTF-8"?>
<!DOCTYPE html PUBLIC "-//W3C//DTD XHTML 1.0 Transitional//EN"
    "http://www.w3.org/TR/xhtml1/DTD/xhtml1-transitional.dtd">
<html xmlns="http://www.w3.org/1999/xhtml" xml:lang="en" lang="en">
 <head>
  <title>
</title>
<meta http-equiv="Content-Type" content="text/html;charset=utf-8" />
  <meta name='ocr-system' content='tesseract 3.04.00' />
  <meta name='ocr-capabilities' content='ocr_page ocr_carea ocr_par ocr_line ocrx_word'/>
</head>
<body>
  <div class='ocr_page' id='page_1' title='image "adriades00pasigoog_0093.png"; bbox 0 0 3382 5362; ppageno 0'>
   <div class='ocr_carea' id='block_1_1' title="bbox 890 432 1069 498">
    <p class='ocr_par' dir='ltr' id='par_1_1' title="bbox 890 432 1069 498">
     <span class='ocr_line' id='line_1_1' title="bbox 890 432 1069 498; baseline 0.017 -20"><span class='ocrx_word' id='word_1_1' title='bbox 890 432 1069 498; x_wconf 71' lang='grc'>...84-</span> 
     </span>
    </p>
   </div>
   <div class='ocr_carea' id='block_1_2' title="bbox 459 563 1444 1094">
    <p class='ocr_par' dir='ltr' id='par_1_2' title="bbox 460 563 1201 662">
     <span class='ocr_line' id='line_1_2' title="bbox 460 563 1201 662; baseline 0.008 -23"><span class='ocrx_word' id='word_1_2' title='bbox 460 574 503 640; x_wconf 88' lang='lat' dir='ltr'>Et</span> <span class='ocrx_word' id='word_1_3' title='bbox 528 575 584 642; x_wconf 83' lang='lat' dir='ltr'>vix</span> <span class='ocrx_word' id='word_1_4' title='bbox 608 563 811 662; x_wconf 88' lang='lat' dir='ltr'>torpescens</span> <span class='ocrx_word' id='word_1_5' title='bbox 827 577 969 662; x_wconf 87' lang='lat' dir='ltr'>agitatis</span> <span class='ocrx_word' id='word_1_6' title='bbox 991 578 1116 645; x_wconf 88' lang='lat' dir='ltr'>emicat</span> <span class='ocrx_word' id='word_1_7' title='bbox 1140 585 1201 645; x_wconf 73' lang='lat' dir='ltr'>aer</span> 
     </span>
    </p>

    <p class='ocr_par' dir='ltr' id='par_1_3' title="bbox 459 669 1444 1094">
     <span class='ocr_line' id='line_1_3' title="bbox 460 669 1362 771; baseline 0.004 -25"><span class='ocrx_word' id='word_1_8' title='bbox 460 682 630 766; x_wconf 90' lang='lat' dir='ltr'>Puniceis‚</span> <span class='ocrx_word' id='word_1_9' title='bbox 653 685 775 770; x_wconf 91' lang='lat' dir='ltr'>quibus</span> <span class='ocrx_word' id='word_1_10' title='bbox 798 690 850 752; x_wconf 88' lang='lat' dir='ltr'>est</span> <span class='ocrx_word' id='word_1_11' title='bbox 874 669 1024 753; x_wconf 79' lang='lat' dir='ltr'>formosa</span> <span class='ocrx_word' id='word_1_12' title='bbox 1047 687 1194 767; x_wconf 82' lang='lat' dir='ltr'>Aurora,</span> <span class='ocrx_word' id='word_1_13' title='bbox 1217 685 1362 771; x_wconf 81' lang='lat' dir='ltr'>capillis,</span> 
     </span>
     <span class='ocr_line' id='line_1_4' title="bbox 459 791 1386 878; baseline 0.003 -22"><span class='ocrx_word' id='word_1_14' title='bbox 459 791 707 878; x_wconf 79' lang='lat' dir='ltr'>Alipedumque</span> <span class='ocrx_word' id='word_1_15' title='bbox 728 792 839 878; x_wconf 87' lang='lat' dir='ltr'>jubis:</span> <span class='ocrx_word' id='word_1_16' title='bbox 864 796 1012 860; x_wconf 91' lang='lat' dir='ltr'>nondum</span> <span class='ocrx_word' id='word_1_17' title='bbox 1036 799 1230 862; x_wconf 78' lang='lat' dir='ltr'>cessaverat</span> <span class='ocrx_word' id='word_1_18' title='bbox 1253 795 1386 874; x_wconf 88' lang='lat' dir='ltr'>horror,</span> 
     </span>
     <span class='ocr_line' id='line_1_5' title="bbox 460 899 1444 984; baseline 0.005 -20"><span class='ocrx_word' id='word_1_19' title='bbox 460 899 565 974; x_wconf 81' lang='lat' dir='ltr'>Quem</span> <span class='ocrx_word' id='word_1_20' title='bbox 589 900 700 984; x_wconf 89' lang='lat' dir='ltr'>magis</span> <span class='ocrx_word' id='word_1_21' title='bbox 723 900 894 968; x_wconf 89' lang='lat' dir='ltr'>incussum</span> <span class='ocrx_word' id='word_1_22' title='bbox 919 901 1067 969; x_wconf 89' lang='lat' dir='ltr'>tenebris</span> <span class='ocrx_word' id='word_1_23' title='bbox 1089 920 1158 968; x_wconf 88' lang='lat' dir='ltr'>nox</span> <span class='ocrx_word' id='word_1_24' title='bbox 1181 904 1326 968; x_wconf 80' lang='lat' dir='ltr'>auxerat</span> <span class='ocrx_word' id='word_1_25' title='bbox 1350 900 1444 969; x_wconf 78' lang='lat' dir='ltr'>atris,</span> 
     </span>
     <span class='ocr_line' id='line_1_6' title="bbox 459 1004 1317 1094; baseline 0.009 -25"><span class='ocrx_word' id='word_1_26' title='bbox 459 1004 612 1092; x_wconf 86' lang='lat' dir='ltr'>Eripitur</span> <span class='ocrx_word' id='word_1_27' title='bbox 636 1007 768 1075; x_wconf 88' lang='lat' dir='ltr'>miseris</span> <span class='ocrx_word' id='word_1_28' title='bbox 790 1009 931 1093; x_wconf 76' lang='lat' dir='ltr'>quaevis</span> <span class='ocrx_word' id='word_1_29' title='bbox 953 1028 1029 1094; x_wconf 90' lang='lat' dir='ltr'>spes</span> <span class='ocrx_word' id='word_1_30' title='bbox 1053 1028 1158 1093; x_wconf 90' lang='lat' dir='ltr'>usque</span> <span class='ocrx_word' id='word_1_31' title='bbox 1182 1009 1317 1077; x_wconf 88' lang='lat' dir='ltr'>salutis:</span> 
     </span>
    </p>
   </div>
   <div class='ocr_carea' id='block_1_3' title="bbox 378 1113 1526 4433">
    <p class='ocr_par' dir='ltr' id='par_1_4' title="bbox 459 1113 1405 1309">
     <span class='ocr_line' id='line_1_7' title="bbox 459 1113 1405 1201; baseline 0.006 -24"><span class='ocrx_word' id='word_1_32' title='bbox 459 1114 530 1180; x_wconf 92' lang='lat' dir='ltr'>Hoc</span> <span class='ocrx_word' id='word_1_33' title='bbox 555 1113 647 1181; x_wconf 90' lang='lat' dir='ltr'>videt</span> <span class='ocrx_word' id='word_1_34' title='bbox 670 1119 704 1181; x_wconf 92' lang='lat' dir='ltr'>et</span> <span class='ocrx_word' id='word_1_35' title='bbox 728 1117 891 1201; x_wconf 90' lang='lat' dir='ltr'>populus:</span> <span class='ocrx_word' id='word_1_36' title='bbox 917 1119 997 1182; x_wconf 87' lang='lat' dir='ltr'>tunc</span> <span class='ocrx_word' id='word_1_37' title='bbox 1022 1116 1056 1181; x_wconf 92' lang='lat' dir='ltr'>in</span> <span class='ocrx_word' id='word_1_38' title='bbox 1080 1116 1255 1182; x_wconf 87' lang='lat' dir='ltr'>contraria</span> <span class='ocrx_word' id='word_1_39' title='bbox 1278 1116 1405 1183; x_wconf 82' lang='lat' dir='ltr'>fertur:</span> 
     </span>
     <span class='ocr_line' id='line_1_8' title="bbox 459 1220 1318 1309; baseline 0.007 -25"><span class='ocrx_word' id='word_1_40' title='bbox 459 1220 565 1305; x_wconf 80' lang='lat' dir='ltr'>Angit</span> <span class='ocrx_word' id='word_1_41' title='bbox 588 1225 623 1287; x_wconf 90' lang='lat' dir='ltr'>et</span> <span class='ocrx_word' id='word_1_42' title='bbox 647 1221 788 1308; x_wconf 89' lang='lat' dir='ltr'>ancipiti</span> <span class='ocrx_word' id='word_1_43' title='bbox 811 1223 979 1290; x_wconf 88' lang='lat' dir='ltr'>sententia</span> <span class='ocrx_word' id='word_1_44' title='bbox 1002 1228 1142 1309; x_wconf 91' lang='lat' dir='ltr'>pectore</span> <span class='ocrx_word' id='word_1_45' title='bbox 1166 1228 1318 1290; x_wconf 85' lang='lat' dir='ltr'>cunctos</span> 
     </span>
    </p>

    <p class='ocr_par' dir='ltr' id='par_1_5' title="bbox 459 1329 1452 1524">
     <span class='ocr_line' id='line_1_9' title="bbox 460 1329 1452 1416; baseline 0.001 -22"><span class='ocrx_word' id='word_1_46' title='bbox 460 1331 596 1412; x_wconf 78' lang='lat' dir='ltr'>Ergone</span> <span class='ocrx_word' id='word_1_47' title='bbox 620 1330 820 1410; x_wconf 87' lang='lat' dir='ltr'>cedendum,</span> <span class='ocrx_word' id='word_1_48' title='bbox 843 1331 977 1396; x_wconf 87' lang='lat' dir='ltr'>Gallum</span> <span class='ocrx_word' id='word_1_49' title='bbox 1001 1350 1044 1396; x_wconf 90' lang='lat' dir='ltr'>an</span> <span class='ocrx_word' id='word_1_50' title='bbox 1068 1332 1252 1416; x_wconf 82' lang='lat' dir='ltr'>perdamus</span> <span class='ocrx_word' id='word_1_51' title='bbox 1275 1329 1452 1416; x_wconf 71' lang='lat' dir='ltr'>iniquum?</span> 
     </span>
     <span class='ocr_line' id='line_1_10' title="bbox 459 1435 1308 1524; baseline 0.004 -23"><span class='ocrx_word' id='word_1_52' title='bbox 459 1438 605 1503; x_wconf 82' lang='lat' dir='ltr'>Pectora</span> <span class='ocrx_word' id='word_1_53' title='bbox 627 1437 686 1501; x_wconf 89' lang='lat' dir='ltr'>sed</span> <span class='ocrx_word' id='word_1_54' title='bbox 710 1435 808 1505; x_wconf 86' lang='lat' dir='ltr'>fulcit</span> <span class='ocrx_word' id='word_1_55' title='bbox 831 1440 947 1503; x_wconf 90' lang='lat' dir='ltr'>tantae</span> <span class='ocrx_word' id='word_1_56' title='bbox 970 1437 1165 1524; x_wconf 85' lang='lat' dir='ltr'>praeseutia</span> <span class='ocrx_word' id='word_1_57' title='bbox 1187 1440 1308 1504; x_wconf 83' lang='lat' dir='ltr'>turbae</span> 
     </span>
    </p>

    <p class='ocr_par' dir='ltr' id='par_1_6' title="bbox 459 1546 1462 1743">
     <span class='ocr_line' id='line_1_11' title="bbox 459 1546 1462 1632; baseline 0 -21"><span class='ocrx_word' id='word_1_58' title='bbox 459 1546 527 1613; x_wconf 86' lang='lat' dir='ltr'>Sub</span> <span class='ocrx_word' id='word_1_59' title='bbox 550 1549 640 1613; x_wconf 88' lang='lat' dir='ltr'>Duce</span> <span class='ocrx_word' id='word_1_60' title='bbox 664 1547 895 1631; x_wconf 87' lang='lat' dir='ltr'>magnanimo,</span> <span class='ocrx_word' id='word_1_61' title='bbox 918 1566 1019 1632; x_wconf 91' lang='lat' dir='ltr'>quem</span> <span class='ocrx_word' id='word_1_62' title='bbox 1042 1565 1116 1615; x_wconf 89' lang='lat' dir='ltr'>sors</span> <span class='ocrx_word' id='word_1_63' title='bbox 1139 1551 1337 1614; x_wconf 88' lang='lat' dir='ltr'>servaverat</span> <span class='ocrx_word' id='word_1_64' title='bbox 1360 1546 1462 1628; x_wconf 86' lang='lat' dir='ltr'>ausis,</span> 
     </span>
     <span class='ocr_line' id='line_1_12' title="bbox 459 1655 1169 1743; baseline 0.001 -22"><span class='ocrx_word' id='word_1_65' title='bbox 459 1655 680 1724; x_wconf 85' lang='lat' dir='ltr'>Auxiliaturo</span> <span class='ocrx_word' id='word_1_66' title='bbox 704 1656 840 1743; x_wconf 91' lang='lat' dir='ltr'>populis</span> <span class='ocrx_word' id='word_1_67' title='bbox 863 1655 1040 1723; x_wconf 90' lang='lat' dir='ltr'>conamine</span> <span class='ocrx_word' id='word_1_68' title='bbox 1065 1655 1169 1723; x_wconf 83' lang='lat' dir='ltr'>lassis</span> 
     </span>
    </p>

    <p class='ocr_par' dir='ltr' id='par_1_7' title="bbox 459 1763 1373 1953">
     <span class='ocr_line' id='line_1_13' title="bbox 460 1763 1373 1851; baseline 0.002 -21"><span class='ocrx_word' id='word_1_69' title='bbox 460 1765 529 1830; x_wconf 87' lang='lat' dir='ltr'>Ista</span> <span class='ocrx_word' id='word_1_70' title='bbox 552 1763 657 1831; x_wconf 88' lang='lat' dir='ltr'>etiam</span> <span class='ocrx_word' id='word_1_71' title='bbox 680 1763 736 1830; x_wconf 92' lang='lat' dir='ltr'>ille</span> <span class='ocrx_word' id='word_1_72' title='bbox 752 1765 859 1831; x_wconf 83' lang='lat' dir='ltr'>refert</span> <span class='ocrx_word' id='word_1_73' title='bbox 882 1766 1009 1851; x_wconf 90' lang='lat' dir='ltr'>populo</span> <span class='ocrx_word' id='word_1_74' title='bbox 1033 1765 1203 1849; x_wconf 89' lang='lat' dir='ltr'>squallore</span> <span class='ocrx_word' id='word_1_75' title='bbox 1227 1763 1373 1832; x_wconf 87' lang='lat' dir='ltr'>labanti:</span> 
     </span>
     <span class='ocr_line' id='line_1_14' title="bbox 459 1862 1341 1953; baseline 0.002 -19"><span class='ocrx_word' id='word_1_76' title='bbox 459 1868 552 1944; x_wconf 82' lang='lat' dir='ltr'>Quae</span> <span class='ocrx_word' id='word_1_77' title='bbox 576 1868 637 1950; x_wconf 91' lang='lat' dir='ltr'>vis,</span> <span class='ocrx_word' id='word_1_78' title='bbox 661 1888 760 1953; x_wconf 89' lang='lat' dir='ltr'>quae,</span> <span class='ocrx_word' id='word_1_79' title='bbox 784 1869 886 1951; x_wconf 91' lang='lat' dir='ltr'>cives,</span> <span class='ocrx_word' id='word_1_80' title='bbox 910 1869 997 1937; x_wconf 90' lang='lat' dir='ltr'>tanti</span> <span class='ocrx_word' id='word_1_81' title='bbox 1010 1862 1219 1937; x_wconf 85' lang='lat' dir='ltr'>&#39;discrimina</span> <span class='ocrx_word' id='word_1_82' title='bbox 1242 1889 1341 1936; x_wconf 89' lang='lat' dir='ltr'>casus</span> 
     </span>
    </p>

    <p class='ocr_par' dir='ltr' id='par_1_8' title="bbox 457 1977 1361 2172">
     <span class='ocr_line' id='line_1_15' title="bbox 457 1977 1361 2064; baseline 0.001 -20"><span class='ocrx_word' id='word_1_83' title='bbox 457 1978 530 2044; x_wconf 87' lang='lat' dir='ltr'>Vos</span> <span class='ocrx_word' id='word_1_84' title='bbox 552 1977 710 2044; x_wconf 89' lang='lat' dir='ltr'>cohibere</span> <span class='ocrx_word' id='word_1_85' title='bbox 734 1982 858 2064; x_wconf 85' lang='lat' dir='ltr'>potest,</span> <span class='ocrx_word' id='word_1_86' title='bbox 882 1983 992 2046; x_wconf 81' lang='lat' dir='ltr'>tetrae</span> <span class='ocrx_word' id='word_1_87' title='bbox 1016 1997 1058 2045; x_wconf 90' lang='lat' dir='ltr'>ne</span> <span class='ocrx_word' id='word_1_88' title='bbox 1082 1978 1215 2064; x_wconf 85' lang='lat' dir='ltr'>perfida</span> <span class='ocrx_word' id='word_1_89' title='bbox 1238 1977 1361 2045; x_wconf 90' lang='lat' dir='ltr'>mentis</span> 
     </span>
     <span class='ocr_line' id='line_1_16' title="bbox 459 2084 1236 2172; baseline 0 -22"><span class='ocrx_word' id='word_1_90' title='bbox 459 2084 602 2153; x_wconf 85' lang='lat' dir='ltr'>Ensibus</span> <span class='ocrx_word' id='word_1_91' title='bbox 625 2084 733 2152; x_wconf 89' lang='lat' dir='ltr'>ulturi</span> <span class='ocrx_word' id='word_1_92' title='bbox 756 2085 906 2172; x_wconf 89' lang='lat' dir='ltr'>primum</span> <span class='ocrx_word' id='word_1_93' title='bbox 930 2086 1118 2154; x_wconf 84' lang='lat' dir='ltr'>tentamina</span> <span class='ocrx_word' id='word_1_94' title='bbox 1141 2084 1236 2151; x_wconf 74' lang='lat' dir='ltr'>sitis?</span> 
     </span>
    </p>

    <p class='ocr_par' dir='ltr' id='par_1_9' title="bbox 459 2196 1262 2283">
     <span class='ocr_line' id='line_1_17' title="bbox 459 2196 1262 2283; baseline 0 -21"><span class='ocrx_word' id='word_1_95' title='bbox 459 2199 532 2262; x_wconf 90' lang='lat' dir='ltr'>Heu</span> <span class='ocrx_word' id='word_1_96' title='bbox 556 2199 699 2263; x_wconf 92' lang='lat' dir='ltr'>subeant</span> <span class='ocrx_word' id='word_1_97' title='bbox 723 2196 811 2264; x_wconf 91' lang='lat' dir='ltr'>nati:</span> <span class='ocrx_word' id='word_1_98' title='bbox 836 2197 864 2263; x_wconf 88' lang='lat' dir='ltr'>si</span> <span class='ocrx_word' id='word_1_99' title='bbox 888 2217 954 2266; x_wconf 92' lang='lat' dir='ltr'>non</span> <span class='ocrx_word' id='word_1_100' title='bbox 978 2197 1130 2279; x_wconf 88' lang='lat' dir='ltr'>obstetis,</span> <span class='ocrx_word' id='word_1_101' title='bbox 1154 2196 1262 2283; x_wconf 88' lang='lat' dir='ltr'>iniqui</span> 
     </span>
    </p>

    <p class='ocr_par' dir='ltr' id='par_1_10' title="bbox 459 2302 1220 2390">
     <span class='ocr_line' id='line_1_18' title="bbox 459 2302 1220 2390; baseline 0.001 -20"><span class='ocrx_word' id='word_1_102' title='bbox 459 2303 593 2370; x_wconf 82' lang='lat' dir='ltr'>Servilii</span> <span class='ocrx_word' id='word_1_103' title='bbox 619 2302 751 2370; x_wconf 86' lang='lat' dir='ltr'>miseris</span> <span class='ocrx_word' id='word_1_104' title='bbox 775 2304 921 2371; x_wconf 85' lang='lat' dir='ltr'>immitia</span> <span class='ocrx_word' id='word_1_105' title='bbox 944 2304 1056 2371; x_wconf 91' lang='lat' dir='ltr'>vincla</span> <span class='ocrx_word' id='word_1_106' title='bbox 1079 2303 1220 2390; x_wconf 88' lang='lat' dir='ltr'>paratis.</span> 
     </span>
    </p>

    <p class='ocr_par' dir='ltr' id='par_1_11' title="bbox 459 2411 1295 2499">
     <span class='ocr_line' id='line_1_19' title="bbox 459 2411 1295 2499; baseline 0.004 -23"><span class='ocrx_word' id='word_1_107' title='bbox 459 2411 669 2497; x_wconf 83' lang='lat' dir='ltr'>Expedietne</span> <span class='ocrx_word' id='word_1_108' title='bbox 694 2412 835 2499; x_wconf 84' lang='lat' dir='ltr'>(nelasl)</span> <span class='ocrx_word' id='word_1_109' title='bbox 860 2411 954 2481; x_wconf 86' lang='lat' dir='ltr'>vobis</span> <span class='ocrx_word' id='word_1_110' title='bbox 977 2411 1011 2477; x_wconf 89' lang='lat' dir='ltr'>in</span> <span class='ocrx_word' id='word_1_111' title='bbox 1036 2430 1176 2478; x_wconf 91' lang='lat' dir='ltr'>munere</span> <span class='ocrx_word' id='word_1_112' title='bbox 1200 2415 1295 2479; x_wconf 93' lang='lat' dir='ltr'>tanto</span> 
     </span>
    </p>

    <p class='ocr_par' dir='ltr' id='par_1_12' title="bbox 457 2517 1374 2713">
     <span class='ocr_line' id='line_1_20' title="bbox 457 2517 1374 2605; baseline -0.001 -21"><span class='ocrx_word' id='word_1_113' title='bbox 457 2517 592 2585; x_wconf 86' lang='lat' dir='ltr'>Desidia</span> <span class='ocrx_word' id='word_1_114' title='bbox 615 2523 752 2604; x_wconf 90' lang='lat' dir='ltr'>torpere</span> <span class='ocrx_word' id='word_1_115' title='bbox 776 2519 888 2604; x_wconf 86' lang='lat' dir='ltr'>gravi,</span> <span class='ocrx_word' id='word_1_116' title='bbox 912 2524 1015 2605; x_wconf 86' lang='lat' dir='ltr'>atque</span> <span class='ocrx_word' id='word_1_117' title='bbox 1040 2519 1159 2586; x_wconf 90' lang='lat' dir='ltr'>audire</span> <span class='ocrx_word' id='word_1_118' title='bbox 1183 2522 1374 2604; x_wconf 70' lang='lat' dir='ltr'>precantes</span> 
     </span>
     <span class='ocr_line' id='line_1_21' title="bbox 458 2625 1259 2713; baseline 0 -21"><span class='ocrx_word' id='word_1_119' title='bbox 458 2629 569 2713; x_wconf 84' lang='lat' dir='ltr'>Atque</span> <span class='ocrx_word' id='word_1_120' title='bbox 593 2646 693 2694; x_wconf 88' lang='lat' dir='ltr'>ausos</span> <span class='ocrx_word' id='word_1_121' title='bbox 718 2627 818 2695; x_wconf 89' lang='lat' dir='ltr'>toties</span> <span class='ocrx_word' id='word_1_122' title='bbox 842 2633 939 2695; x_wconf 90' lang='lat' dir='ltr'>natos</span> <span class='ocrx_word' id='word_1_123' title='bbox 962 2628 1150 2713; x_wconf 87' lang='lat' dir='ltr'>percellere</span> <span class='ocrx_word' id='word_1_124' title='bbox 1175 2625 1259 2692; x_wconf 89' lang='lat' dir='ltr'>diris</span> 
     </span>
    </p>

    <p class='ocr_par' dir='ltr' id='par_1_13' title="bbox 378 2734 1526 3036">
     <span class='ocr_line' id='line_1_22' title="bbox 459 2734 1526 2820; baseline -0.001 -20"><span class='ocrx_word' id='word_1_125' title='bbox 459 2734 640 2801; x_wconf 84' lang='lat' dir='ltr'>Pertidiem</span> <span class='ocrx_word' id='word_1_126' title='bbox 665 2736 825 2815; x_wconf 79' lang='lat' dir='ltr'>vestran,</span> <span class='ocrx_word' id='word_1_127' title='bbox 847 2754 909 2820; x_wconf 89' lang='lat' dir='ltr'>per</span> <span class='ocrx_word' id='word_1_128' title='bbox 932 2754 1036 2820; x_wconf 85' lang='lat' dir='ltr'>quarn</span> <span class='ocrx_word' id='word_1_129' title='bbox 1059 2735 1093 2800; x_wconf 95' lang='lat' dir='ltr'>in</span> <span class='ocrx_word' id='word_1_130' title='bbox 1116 2736 1208 2800; x_wconf 88' lang='lat' dir='ltr'>mala</span> <span class='ocrx_word' id='word_1_131' title='bbox 1231 2736 1327 2800; x_wconf 90' lang='lat' dir='ltr'>tanta</span> <span class='ocrx_word' id='word_1_132' title='bbox 1349 2736 1504 2815; x_wconf 89' lang='lat' dir='ltr'>ruerunt,</span> <span class='ocrx_word' id='word_1_133' title='bbox 1523 2807 1526 2816; x_wconf 12' lang='grc' dir='ltr'><strong>ἢ</strong></span> 
     </span>
     <span class='ocr_line' id='line_1_23' title="bbox 378 2840 1486 2928; baseline 0.002 -24"><span class='ocrx_word' id='word_1_134' title='bbox 378 2899 380 2903; x_wconf 91' lang='lat'><em>.</em></span> <span class='ocrx_word' id='word_1_135' title='bbox 458 2840 544 2918; x_wconf 84' lang='lat' dir='ltr'>Quin</span> <span class='ocrx_word' id='word_1_136' title='bbox 568 2841 677 2928; x_wconf 90' lang='lat' dir='ltr'>pietas</span> <span class='ocrx_word' id='word_1_137' title='bbox 700 2846 813 2908; x_wconf 89' lang='lat' dir='ltr'>servet</span> <span class='ocrx_word' id='word_1_138' title='bbox 836 2843 1007 2926; x_wconf 82' lang='lat' dir='ltr'>querulos,</span> <span class='ocrx_word' id='word_1_139' title='bbox 1030 2841 1230 2926; x_wconf 78' lang='lat' dir='ltr'>gemituque</span> <span class='ocrx_word' id='word_1_140' title='bbox 1253 2841 1419 2908; x_wconf 71' lang='lat' dir='ltr'>fluentes?</span> <span class='ocrx_word' id='word_1_141' title='bbox 1484 2873 1486 2877; x_wconf 95' lang='lat'>·</span> 
     </span>
     <span class='ocr_line' id='line_1_24' title="bbox 458 2948 1274 3036; baseline 0 -23"><span class='ocrx_word' id='word_1_142' title='bbox 458 2949 640 3036; x_wconf 89' lang='lat' dir='ltr'>Principiis</span> <span class='ocrx_word' id='word_1_143' title='bbox 663 2953 795 3017; x_wconf 87' lang='lat' dir='ltr'>obstate</span> <span class='ocrx_word' id='word_1_144' title='bbox 819 2948 896 3015; x_wconf 91' lang='lat' dir='ltr'>citi:</span> <span class='ocrx_word' id='word_1_145' title='bbox 922 2949 950 3014; x_wconf 88' lang='lat' dir='ltr'>si</span> <span class='ocrx_word' id='word_1_146' title='bbox 975 2949 1119 3036; x_wconf 89' lang='lat' dir='ltr'>perditis</span> <span class='ocrx_word' id='word_1_147' title='bbox 1142 2950 1274 3029; x_wconf 88' lang='lat' dir='ltr'>horam,</span> 
     </span>
    </p>

    <p class='ocr_par' dir='ltr' id='par_1_14' title="bbox 458 3055 1480 3356">
     <span class='ocr_line' id='line_1_25' title="bbox 458 3055 1393 3125; baseline -0.004 -1"><span class='ocrx_word' id='word_1_148' title='bbox 458 3057 560 3125; x_wconf 86' lang='lat' dir='ltr'>Cedet</span> <span class='ocrx_word' id='word_1_149' title='bbox 583 3057 618 3122; x_wconf 91' lang='lat' dir='ltr'>in</span> <span class='ocrx_word' id='word_1_150' title='bbox 641 3055 828 3123; x_wconf 88' lang='lat' dir='ltr'>adveniens</span> <span class='ocrx_word' id='word_1_151' title='bbox 852 3075 968 3122; x_wconf 88' lang='lat' dir='ltr'>cassus</span> <span class='ocrx_word' id='word_1_152' title='bbox 991 3059 1105 3124; x_wconf 86' lang='lat' dir='ltr'>labor:</span> <span class='ocrx_word' id='word_1_153' title='bbox 1131 3055 1245 3124; x_wconf 90' lang='lat' dir='ltr'>omnia</span> <span class='ocrx_word' id='word_1_154' title='bbox 1269 3057 1393 3122; x_wconf 83' lang='lat' dir='ltr'>Cursus</span> 
     </span>
     <span class='ocr_line' id='line_1_26' title="bbox 458 3161 1480 3249; baseline -0.003 -18"><span class='ocrx_word' id='word_1_155' title='bbox 458 3164 602 3231; x_wconf 89' lang='lat' dir='ltr'>Hauriet</span> <span class='ocrx_word' id='word_1_156' title='bbox 626 3184 711 3230; x_wconf 91' lang='lat' dir='ltr'>arva</span> <span class='ocrx_word' id='word_1_157' title='bbox 736 3183 854 3247; x_wconf 86' lang='lat' dir='ltr'>vorax,</span> <span class='ocrx_word' id='word_1_158' title='bbox 878 3166 1061 3249; x_wconf 87' lang='lat' dir='ltr'>oculosque</span> <span class='ocrx_word' id='word_1_159' title='bbox 1085 3165 1128 3230; x_wconf 90' lang='lat' dir='ltr'>ad</span> <span class='ocrx_word' id='word_1_160' title='bbox 1153 3164 1278 3229; x_wconf 87' lang='lat' dir='ltr'>damna</span> <span class='ocrx_word' id='word_1_161' title='bbox 1300 3161 1480 3246; x_wconf 87' lang='lat' dir='ltr'>relinquet.</span> 
     </span>
     <span class='ocr_line' id='line_1_27' title="bbox 459 3269 1273 3356; baseline -0.002 -17"><span class='ocrx_word' id='word_1_162' title='bbox 459 3271 512 3340; x_wconf 87' lang='lat' dir='ltr'>Sic</span> <span class='ocrx_word' id='word_1_163' title='bbox 537 3270 598 3353; x_wconf 88' lang='lat' dir='ltr'>ait,</span> <span class='ocrx_word' id='word_1_164' title='bbox 621 3274 656 3337; x_wconf 90' lang='lat' dir='ltr'>et</span> <span class='ocrx_word' id='word_1_165' title='bbox 679 3270 791 3356; x_wconf 89' lang='lat' dir='ltr'>quivis</span> <span class='ocrx_word' id='word_1_166' title='bbox 815 3270 1005 3338; x_wconf 88' lang='lat' dir='ltr'>vehementi</span> <span class='ocrx_word' id='word_1_167' title='bbox 1029 3269 1188 3338; x_wconf 88' lang='lat' dir='ltr'>efferbuit</span> <span class='ocrx_word' id='word_1_168' title='bbox 1210 3269 1273 3337; x_wconf 86' lang='lat' dir='ltr'>ira.</span> 
     </span>
    </p>

    <p class='ocr_par' dir='ltr' id='par_1_15' title="bbox 459 3378 1347 3462">
     <span class='ocr_line' id='line_1_28' title="bbox 459 3378 1347 3462; baseline -0.001 -17"><span class='ocrx_word' id='word_1_169' title='bbox 459 3379 619 3446; x_wconf 89' lang='lat' dir='ltr'>Protinus</span> <span class='ocrx_word' id='word_1_170' title='bbox 643 3378 749 3446; x_wconf 89' lang='lat' dir='ltr'>iratos</span> <span class='ocrx_word' id='word_1_171' title='bbox 773 3397 835 3445; x_wconf 89' lang='lat' dir='ltr'>nec</span> <span class='ocrx_word' id='word_1_172' title='bbox 860 3378 922 3462; x_wconf 90' lang='lat' dir='ltr'>vis,</span> <span class='ocrx_word' id='word_1_173' title='bbox 946 3399 1009 3447; x_wconf 91' lang='lat' dir='ltr'>nec</span> <span class='ocrx_word' id='word_1_174' title='bbox 1032 3380 1153 3445; x_wconf 77' lang='lat' dir='ltr'>fraena</span> <span class='ocrx_word' id='word_1_175' title='bbox 1176 3382 1347 3445; x_wconf 86' lang='lat' dir='ltr'>coercent.</span> 
     </span>
    </p>

    <p class='ocr_par' dir='ltr' id='par_1_16' title="bbox 458 3481 1524 4218">
     <span class='ocr_line' id='line_1_29' title="bbox 458 3481 1464 3573; baseline -0.002 -19"><span class='ocrx_word' id='word_1_176' title='bbox 458 3486 537 3555; x_wconf 88' lang='lat' dir='ltr'>Vrit</span> <span class='ocrx_word' id='word_1_177' title='bbox 561 3506 658 3553; x_wconf 89' lang='lat' dir='ltr'>amor</span> <span class='ocrx_word' id='word_1_178' title='bbox 681 3485 816 3573; x_wconf 89' lang='lat' dir='ltr'>patriae</span> <span class='ocrx_word' id='word_1_179' title='bbox 840 3488 1017 3572; x_wconf 84' lang='lat' dir='ltr'>populum,</span> <span class='ocrx_word' id='word_1_180' title='bbox 1041 3488 1138 3554; x_wconf 85' lang='lat' dir='ltr'>furor</span> <span class='ocrx_word' id='word_1_181' title='bbox 1162 3504 1260 3553; x_wconf 88' lang='lat' dir='ltr'>arma</span> <span class='ocrx_word' id='word_1_182' title='bbox 1282 3481 1464 3552; x_wconf 83' lang='lat' dir='ltr'>ministrat.</span> 
     </span>
     <span class='ocr_line' id='line_1_30' title="bbox 459 3591 1406 3679; baseline -0.002 -19"><span class='ocrx_word' id='word_1_183' title='bbox 459 3597 521 3660; x_wconf 88' lang='lat' dir='ltr'>AEs</span> <span class='ocrx_word' id='word_1_184' title='bbox 543 3613 677 3679; x_wconf 90' lang='lat' dir='ltr'>quoque</span> <span class='ocrx_word' id='word_1_185' title='bbox 701 3593 799 3660; x_wconf 90' lang='lat' dir='ltr'>triste</span> <span class='ocrx_word' id='word_1_186' title='bbox 823 3612 946 3662; x_wconf 90' lang='lat' dir='ltr'>sonans</span> <span class='ocrx_word' id='word_1_187' title='bbox 968 3593 1102 3661; x_wconf 90' lang='lat' dir='ltr'>iteratis</span> <span class='ocrx_word' id='word_1_188' title='bbox 1125 3591 1249 3660; x_wconf 90' lang='lat' dir='ltr'>ictibus</span> <span class='ocrx_word' id='word_1_189' title='bbox 1272 3610 1406 3661; x_wconf 90' lang='lat' dir='ltr'>omnem</span> 
     </span>
     <span class='ocr_line' id='line_1_31' title="bbox 460 3701 1371 3788; baseline -0.002 -18"><span class='ocrx_word' id='word_1_190' title='bbox 460 3701 620 3788; x_wconf 88' lang='lat' dir='ltr'>Vndique</span> <span class='ocrx_word' id='word_1_191' title='bbox 644 3702 818 3788; x_wconf 86' lang='lat' dir='ltr'>perfusam</span> <span class='ocrx_word' id='word_1_192' title='bbox 841 3702 974 3787; x_wconf 90' lang='lat' dir='ltr'>plebem</span> <span class='ocrx_word' id='word_1_193' title='bbox 999 3701 1174 3787; x_wconf 87' lang='lat' dir='ltr'>compellit</span> <span class='ocrx_word' id='word_1_194' title='bbox 1196 3702 1240 3768; x_wconf 92' lang='lat' dir='ltr'>ad</span> <span class='ocrx_word' id='word_1_195' title='bbox 1264 3719 1371 3768; x_wconf 88' lang='lat' dir='ltr'>arma.</span> 
     </span>
     <span class='ocr_line' id='line_1_32' title="bbox 460 3807 1524 3895; baseline 0 -19"><span class='ocrx_word' id='word_1_196' title='bbox 460 3808 574 3877; x_wconf 82' lang='lat' dir='ltr'>Currit</span> <span class='ocrx_word' id='word_1_197' title='bbox 597 3810 641 3875; x_wconf 91' lang='lat' dir='ltr'>ad</span> <span class='ocrx_word' id='word_1_198' title='bbox 665 3827 763 3874; x_wconf 88' lang='lat' dir='ltr'>arma</span> <span class='ocrx_word' id='word_1_199' title='bbox 786 3808 926 3889; x_wconf 87' lang='lat' dir='ltr'>micans,</span> <span class='ocrx_word' id='word_1_200' title='bbox 950 3810 988 3875; x_wconf 92' lang='lat' dir='ltr'>ut</span> <span class='ocrx_word' id='word_1_201' title='bbox 1011 3828 1105 3895; x_wconf 73' lang='lat' dir='ltr'>apes</span> <span class='ocrx_word' id='word_1_202' title='bbox 1127 3828 1217 3894; x_wconf 90' lang='lat' dir='ltr'>quae</span> <span class='ocrx_word' id='word_1_203' title='bbox 1240 3807 1397 3875; x_wconf 86' lang='lat' dir='ltr'>examine</span> <span class='ocrx_word' id='word_1_204' title='bbox 1421 3809 1524 3892; x_wconf 87' lang='lat' dir='ltr'>longo</span> 
     </span>
     <span class='ocr_line' id='line_1_33' title="bbox 459 3914 1371 4001; baseline -0.004 -18"><span class='ocrx_word' id='word_1_205' title='bbox 459 3918 674 3983; x_wconf 88' lang='lat' dir='ltr'>Perlustrant</span> <span class='ocrx_word' id='word_1_206' title='bbox 698 3935 818 4000; x_wconf 88' lang='lat' dir='ltr'>agros:</span> <span class='ocrx_word' id='word_1_207' title='bbox 843 3935 924 4001; x_wconf 90' lang='lat' dir='ltr'>pars</span> <span class='ocrx_word' id='word_1_208' title='bbox 947 3934 1018 3983; x_wconf 88' lang='lat' dir='ltr'>sese</span> <span class='ocrx_word' id='word_1_209' title='bbox 1042 3919 1181 3982; x_wconf 84' lang='lat' dir='ltr'>exercet</span> <span class='ocrx_word' id='word_1_210' title='bbox 1204 3914 1238 3980; x_wconf 92' lang='lat' dir='ltr'>in</span> <span class='ocrx_word' id='word_1_211' title='bbox 1263 3914 1371 3982; x_wconf 88' lang='lat' dir='ltr'>hortis</span> 
     </span>
     <span class='ocr_line' id='line_1_34' title="bbox 459 4024 1361 4111; baseline -0.001 -20"><span class='ocrx_word' id='word_1_212' title='bbox 459 4024 618 4110; x_wconf 89' lang='lat' dir='ltr'>Narcyssi</span> <span class='ocrx_word' id='word_1_213' title='bbox 642 4027 812 4111; x_wconf 86' lang='lat' dir='ltr'>lacrymas</span> <span class='ocrx_word' id='word_1_214' title='bbox 836 4045 972 4110; x_wconf 70' lang='lat' dir='ltr'>sugens</span> <span class='ocrx_word' id='word_1_215' title='bbox 995 4045 1037 4092; x_wconf 85' lang='lat' dir='ltr'>ex</span> <span class='ocrx_word' id='word_1_216' title='bbox 1061 4024 1191 4092; x_wconf 86' lang='lat' dir='ltr'>cortice</span> <span class='ocrx_word' id='word_1_217' title='bbox 1214 4025 1361 4108; x_wconf 86' lang='lat' dir='ltr'>glotten,</span> 
     </span>
     <span class='ocr_line' id='line_1_35' title="bbox 460 4132 1354 4218; baseline -0.001 -20"><span class='ocrx_word' id='word_1_218' title='bbox 460 4135 611 4218; x_wconf 90' lang='lat' dir='ltr'>Parsque</span> <span class='ocrx_word' id='word_1_219' title='bbox 635 4132 744 4217; x_wconf 92' lang='lat' dir='ltr'>thymi</span> <span class='ocrx_word' id='word_1_220' title='bbox 768 4151 887 4200; x_wconf 88' lang='lat' dir='ltr'>succos</span> <span class='ocrx_word' id='word_1_221' title='bbox 911 4135 1000 4199; x_wconf 90' lang='lat' dir='ltr'>lente</span> <span class='ocrx_word' id='word_1_222' title='bbox 1024 4133 1185 4216; x_wconf 87' lang='lat' dir='ltr'>degustat</span> <span class='ocrx_word' id='word_1_223' title='bbox 1209 4150 1354 4198; x_wconf 87' lang='lat' dir='ltr'>amaros.</span> 
     </span>
    </p>

    <p class='ocr_par' dir='ltr' id='par_1_17' title="bbox 459 4238 1428 4433">
     <span class='ocr_line' id='line_1_36' title="bbox 459 4238 1399 4326; baseline 0.004 -23"><span class='ocrx_word' id='word_1_224' title='bbox 459 4242 520 4304; x_wconf 79' lang='lat' dir='ltr'>Ast</span> <span class='ocrx_word' id='word_1_225' title='bbox 544 4241 664 4306; x_wconf 88' lang='lat' dir='ltr'>florum</span> <span class='ocrx_word' id='word_1_226' title='bbox 690 4239 825 4320; x_wconf 87' lang='lat' dir='ltr'>oblitae,</span> <span class='ocrx_word' id='word_1_227' title='bbox 850 4245 922 4306; x_wconf 89' lang='lat' dir='ltr'>tum</span> <span class='ocrx_word' id='word_1_228' title='bbox 946 4239 973 4305; x_wconf 88' lang='lat' dir='ltr'>si</span> <span class='ocrx_word' id='word_1_229' title='bbox 997 4258 1098 4307; x_wconf 89' lang='lat' dir='ltr'>sonus</span> <span class='ocrx_word' id='word_1_230' title='bbox 1122 4238 1276 4326; x_wconf 89' lang='lat' dir='ltr'>increpet</span> <span class='ocrx_word' id='word_1_231' title='bbox 1299 4238 1399 4322; x_wconf 72' lang='lat' dir='ltr'>aeris</span> 
     </span>
     <span class='ocr_line' id='line_1_37' title="bbox 460 4345 1428 4433; baseline 0.003 -22"><span class='ocrx_word' id='word_1_232' title='bbox 460 4350 552 4413; x_wconf 91' lang='lat' dir='ltr'>Tunc</span> <span class='ocrx_word' id='word_1_233' title='bbox 575 4351 610 4413; x_wconf 91' lang='lat' dir='ltr'>et</span> <span class='ocrx_word' id='word_1_234' title='bbox 629 4345 704 4431; x_wconf 79' lang='lat' dir='ltr'>J&#39;am</span> <span class='ocrx_word' id='word_1_235' title='bbox 728 4348 856 4413; x_wconf 88' lang='lat' dir='ltr'>celeres</span> <span class='ocrx_word' id='word_1_236' title='bbox 880 4348 1036 4429; x_wconf 87' lang='lat' dir='ltr'>redeunt,</span> <span class='ocrx_word' id='word_1_237' title='bbox 1059 4347 1276 4433; x_wconf 85' lang='lat' dir='ltr'>studiumque</span> <span class='ocrx_word' id='word_1_238' title='bbox 1299 4347 1428 4415; x_wconf 88' lang='lat' dir='ltr'>laboris</span> 
     </span>
    </p>
   </div>
   <div class='ocr_carea' id='block_1_4' title="bbox 0 0 1696 5362">
    <p class='ocr_par' dir='ltr' id='par_1_18' title="bbox 0 0 1696 5362">
     <span class='ocr_line' id='line_1_38' title="bbox 0 0 1696 5362; baseline 0 0"><span class='ocrx_word' id='word_1_239' title='bbox 0 0 1696 5362; x_wconf 95' lang='lat' dir='ltr'> </span> 
     </span>
    </p>
   </div>
  </div>
 </body>
</html>
