3382 5362
895 411 1072 475 ..gq-

466 558 755 640 Praeseutomque
782 554 862 620 viris
886 553 1059 619 intentant
1083 553 1198 618 omnia
1222 554 1374 621 eaedem.

466 663 614 739 Quilibet
638 666 673 729 ot
697 664 811 729 luscus
834 660 969 746 gladios
995 666 1177 746 versatque
1202 662 1404 747 agitatque:

466 769 614 856 Quisque
638 769 702 837 sibi
726 771 859 836 alterno
880 766 955 852 jam
981 769 1122 835 vulnere
1146 774 1290 856 pectora
1314 771 1464 837 foedant.

466 878 649 965 Spargitur
672 877 706 942 in
733 881 861 943 terram
886 874 1044 941 stridenti
1068 876 1211 961 gurgite
1235 877 1387 961 sanguis

465 990 551 1053 Fata
574 990 675 1072 putes
699 985 819 1049 urbem
845 981 1003 1047 miseruut
1028 1002 1190 1068 suprema
1215 983 1348 1050 minari.

466 1093 578 1160 Arinis
602 1093 795 1175 Caldognus
819 1089 940 1156 validis
963 1093 1098 1174 portam
1124 1097 1272 1176 occupat
1296 1089 1400 1173 urbm,

468 1201 614 1286 Agmina
638 1204 673 1265 et
697 1199 730 1264 in
756 1202 875 1283 turpes
899 1214 1028 1281 urgens
1052 1197 1205 1265 animosa
1230 1200 1385 1279 rebelles

465 1312 555 1386 Quos
579 1308 684 1395 proli!
711 1325 778 1373 non
802 1303 925 1392 puduit
949 1303 1099 1390 propriis
1122 1325 1200 1371 eum
1224 1304 1356 1374 civibus
1379 1325 1478 1374 aeres

465 1415 680 1484 conseruisse
706 1431 847 1481 manus:
872 1413 987 1498 plures
1010 1411 1163 1478 demissit
1188 1413 1230 1479 ad
1255 1432 1396 1482 orcum:

465 1522 619 1591 Tradidit
643 1525 746 1606 atque
771 1518 856 1587 alios
879 1517 1018 1604 captiva
1041 1517 1075 1584 in
1101 1517 1237 1586 vincula
1261 1524 1384 1587 sontes,

465 1636 598 1716 Terque
622 1628 754 1710 decem,
778 1625 990 1711 totidemque
1015 1624 1092 1707 viri,
1115 1626 1238 1711 quibus
1260 1627 1378 1695 addito
1402 1628 1508 1695 denos

465 1737 649 1809 Servitium
672 1734 809 1802 subiere
833 1732 903 1799 suis
926 1731 1102 1800 erroribus
1125 1752 1284 1819 aequum.

464 1851 584 1916 Altera
607 1847 708 1933 porta
733 1840 811 1925 tuis,
835 1841 1019 1925 Nogarola,
1043 1839 1217 1908 invaditur
1241 1841 1356 1924 armis

464 1959 576 2043 Atque
600 1969 714 2032 eaveS,
737 1950 854 2017 oeulos
878 1946 1025 2032 vigilans
1048 1947 1254 2036 timidusque
1279 1952 1470 2032 revolvens

463 2065 512 2132 Ne
537 2065 643 2143 retro,
667 2059 720 2125 vel
743 2060 843 2146 parte
868 2053 937 2122 alia
960 2055 1055 2122 serus
1080 2061 1226 2143 occupet
1250 2057 1365 2124 hostis.

464 2172 519 2241 Sic
543 2172 611 2237 Leo
634 2169 819 2255 speluncae
844 2163 1012 2231 recubans
1036 2167 1169 2230 tutatur
1194 2164 1337 2247 hiatum,

364 2293 374 2315 ·
468 2281 515 2346 Ne
541 2280 658 2364 raptor
681 2274 859 2361 quisquam
885 2272 928 2338 ad
953 2274 1085 2340 catulos
1108 2272 1159 2341 ire
1183 2275 1310 2341 audeat
1333 2273 1424 2342 intus

464 2390 585 2456 Hostes
609 2387 794 2470 expectas:
819 2400 883 2448 nec
908 2385 941 2447 te
966 2379 1163 2447 discrimina
1188 2381 1279 2449 vitae

463 2499 491 2562 Α
515 2498 617 2582 porta
641 2494 840 2559 removent:
866 2493 962 2555 recto
990 2487 1047 2555 tibi
1073 2493 1215 2574 pectore
1240 2491 1391 2573 flagrans

464 2605 590 2670 Fervet
605 2618 702 2667 amor
718 2596 865 2684 patriae,
882 2598 917 2662 et
933 2597 1110 2662 Venetae:
1129 2599 1189 2661 tua
1204 2597 1371 2681 subiuga
1387 2597 1495 2665 mittis

463 2709 648 2794 Octoginta
672 2705 794 2785 virdm,
817 2704 943 2769 multos
966 2721 1101 2787 quoque
1126 2703 1281 2770 comodis
1304 2703 1419 2772 hostis

464 2823 529 2885 Pro
555 2812 697 2884 Venetis
721 2812 873 2877 tulerant
897 2807 1003 2875 etiam
1028 2808 1219 2876 certamina
1242 2811 1363 2879 Martis

464 2922 603 3012 lllyrici,
626 2938 762 3006 semper
787 2915 882 2984 bellis
905 2915 1059 2982 animosa
1079 2913 1257 3001 juventus.

464 3036 506 3101 nt
530 3035 746 3100 Veronenses
769 3023 839 3093 illio
863 3042 998 3109 quoque
1023 3021 1058 3089 in
1082 3043 1179 3090 arma
1202 3025 1336 3093 sodales

463 3146 500 3208 ln
524 3141 638 3208 Gallos
661 3139 789 3203 acuunt
812 3133 955 3213 serrum,
978 3130 1220 3218 excidiumque
1244 3135 1420 3220 superbos

464 3251 516 3316 Ad
540 3251 658 3336 portas
681 3240 794 3330 rapidi
818 3242 973 3322 currunt,
998 3242 1033 3306 et
1056 3239 1192 3325 praelia
1215 3240 1369 3309 miscent.

464 3359 601 3426 insonat
624 3371 800 3421 armorum
824 3347 999 3435 strepitus
1023 3347 1234 3434 sanguisque
1260 3349 1394 3417 viarum

464 3466 538 3534 lam
563 3483 626 3552 per
650 3464 773 3548 aperta
797 3458 881 3539 duit,
905 3455 1036 3524 circum
1063 3456 1229 3544 pyrioque
1254 3460 1430 3544 refulgent

464 3574 610 3642 Pulvere
635 3570 771 3648 cuncta,
795 3581 903 3632 novus
926 3565 1018 3630 velat
1041 3583 1130 3650 quae
1154 3570 1276 3652 postea
1299 3567 1423 3634 fumus.

464 3681 539 3748 Heu
562 3676 662 3745 nimis
685 3673 806 3742 auditu
830 3672 1059 3739 horrendum!
1087 3673 1153 3738 heu
1177 3672 1372 3743 miserabile
1397 3675 1490 3742 visu!

464 3786 609 3863 Brachia
632 3803 734 3851 caesa
758 3781 886 3860 volant,
909 3778 1025 3863 capita
1049 3783 1085 3847 et
1109 3784 1280 3863 truncata,
1303 3783 1488 3870 pedesque.

464 3893 592 3964 Perfidi
616 3898 651 3959 et
675 3891 843 3956 incassum
869 3906 1029 3971 supremo
1055 3887 1175 3954 mortis
1199 3909 1311 3973 agone

465 4004 559 4071 Vera
582 3999 719 4086 quidem
744 3999 908 4062 noscunt:
934 3997 1123 4080 contempti
1149 3996 1285 4063 nomina
1309 4001 1386 4064 lesu

465 4111 537 4179 Non
561 4105 713 4175 audituri
737 4123 814 4170 sero
839 4105 1038 4168 reseruntur
1062 4104 1105 4168 ab
1130 4122 1200 4171 ore.

464 4218 647 4286 Custodum
672 4217 807 4280 interea
831 4213 932 4277 turba
956 4209 1144 4278 comitante
1168 4231 1309 4280 suorum

465 4324 592 4396 Obvius
616 4320 768 4390 occurrit
792 4320 918 4406 populo
943 4318 1103 4404 Bopelius
1127 4321 1240 4387 audax
