3382 5362
865 419 909 431 -
933 383 976 446 83
996 378 1043 429 ’-

435 531 524 599 Civis
548 534 583 598 et
606 529 783 612 innocuus,
805 527 864 614 qui
889 529 997 594 verba
1021 527 1202 614 precantia
1225 528 1336 595 solvit.

435 642 478 706 Et
495 639 625 706 Vivans
648 636 756 718 dives,
778 654 877 703 sacro
901 632 959 718 qui
984 635 1127 701 sabbata
1152 634 1220 701 ritu

435 750 538 814 Festa
560 744 655 825 colit,
677 743 809 810 circum
834 743 966 826 fruges
989 741 1114 826 gravia
1137 743 1265 811 horrea
1289 742 1390 810 furtis

436 854 650 942 Depopulata
672 849 783 936 gemit
806 847 938 916 subitis,
964 848 1170 935 Respublica
1190 848 1294 935 jussit

436 962 620 1030 Vivantem
645 956 779 1045 cupidis
803 963 972 1043 praebere
997 956 1129 1025 cibaria
1153 958 1268 1026 Gallis

438 1070 516 1138 Sola
538 1069 598 1135 sed
626 1067 829 1134 immensum
853 1065 1069 1152 persolverat
1093 1065 1199 1132 Adria
1222 1068 1395 1134 damnum.

438 1182 521 1245 llum
548 1174 643 1256 fruit,
666 1176 771 1258 atque
796 1170 918 1239 animis
941 1170 1051 1238 saevit
1075 1175 1155 1239 trux
1180 1173 1329 1259 undique
1352 1175 1482 1260 plebes,

439 1284 597 1370 insignes
619 1280 752 1368 pietate
777 1279 855 1362 viri,
877 1277 1077 1364 meritisque
1101 1281 1236 1366 probati

440 1391 612 1471 AEmilius,
634 1391 835 1470 Garavetta,
859 1389 978 1454 Comes
1001 1386 1199 1455 Sanfermus
1222 1392 1373 1457 amatam

440 1497 556 1568 Tantis
579 1497 671 1564 baud
695 1494 786 1583 passi
811 1492 913 1560 furtis
936 1491 1097 1560 venarier
1121 1496 1263 1577 Vrbem,

440 1607 599 1677 Indicunt
621 1621 744 1700 pacem
767 1602 906 1690 populo,
929 1604 1033 1687 atque
1058 1600 1207 1687 insignia
1230 1606 1410 1691 praebent.

439 1712 590 1786 Candida
612 1730 692 1778 nam
715 1710 847 1796 pandut
871 1713 943 1775 tum
967 1707 1075 1776 lintea
1098 1709 1131 1777 in
1155 1730 1251 1793 aera,
1276 1711 1389 1799 prima

438 1829 521 1895 Cum
546 1817 666 1890 retulit
690 1819 802 1886 lucem
827 1813 934 1882 radiis
958 1818 1115 1886 Aurora:
1140 1837 1285 1906 rapaces

441 1931 613 2002 Desistunt
637 1923 753 2007 armiS,
776 1922 990 2009 arrectisque
1015 1925 1155 1993 auribus
1178 1929 1327 2010 adstant,

440 2044 523 2111 Cum
547 2032 701 2125 primum
720 2030 844 2100 adcitis
867 2029 998 2099 indicta
1021 2038 1073 2100 est
1096 2034 1216 2102 concio
1240 2033 1393 2104 cunctis:

441 2133 628 2232 sicigitur
652 2140 753 2209 dictis
776 2139 908 2207 animos
932 2144 968 2206 et
991 2146 1136 2227 pectora
1160 2143 1288 2209 mulcet

443 2254 622 2325 AEmilius:
648 2251 810 2330 Tandem,
834 2268 854 2315 0
878 2246 980 2330 Socii,
999 2246 1074 2334 Jam
1099 2249 1233 2335 parcite
1258 2249 1376 2337 bellis3

440 2368 507 2433 Pro
531 2358 688 2430 Venetiis
711 2355 816 2425 nimio
840 2358 894 2424 sat
917 2374 977 2424 vos
1000 2355 1132 2423 arsistis
1155 2377 1294 2426 amore:

440 2473 506 2541 Sed
530 2470 632 2549 mala,
656 2466 732 2533 dira
756 2466 858 2545 mala,
881 2464 968 2530 heu!
995 2463 1150 2546 Venetia,
1174 2464 1338 2550 vobisque
1362 2464 1520 2552 parastis

440 2583 508 2649 Cur
531 2575 664 2645 animus
687 2576 801 2641 tantas
824 2572 962 2637 fervens
986 2569 1117 2639 exarsit
1140 2571 1174 2637 in
1198 2571 1293 2639 irasl

442 2690 517 2755 Heu
540 2681 676 2751 miseri!
703 2679 806 2747 citius
829 2679 998 2746 rationem
1022 2677 1153 2745 Gallica
1176 2680 1220 2745 ad
1245 2697 1397 2764 unguem

441 2797 531 2863 Gens
554 2793 650 2879 petet
673 2807 695 2855 a
718 2784 873 2865 Venetis,
897 2790 932 2852 et
956 2795 1071 2853 vestro
1095 2784 1239 2853 crimine
1263 2788 1402 2854 tandem

441 2900 604 2971 Concidet
627 2894 827 2982 Imperium,
850 2893 942 2979 quod
966 2893 1049 2960 dens
1073 2911 1139 2961 non
1163 2895 1313 2961 laeserat
1335 2893 1424 2962 aevi.

440 3009 608 3090 Quidnam
632 3022 699 3090 ego
723 2999 947 3087 Francigenis
971 2999 1098 3068 tremui
1120 3000 1295 3070 crudelius
1322 3001 1430 3089 ipsis?

442 3117 573 3198 Quidve
592 3111 681 3181 *lami
704 3130 771 3183 non
795 3108 888 3179 cedit
911 3108 946 3176 in
970 3110 1053 3179 orbe
1079 3109 1255 3196 potentius
1277 3109 1377 3178 acril

443 3229 551 3298 Omne
574 3223 674 3291 ferox
697 3217 823 3288 subicit
847 3236 987 3305 prorsus
1010 3237 1096 3303 gens
1119 3218 1186 3286 ista
1209 3219 1300 3304 quod
1325 3222 1433 3306 optat.

443 3337 514 3404 Nec
537 3346 733 3413 maranae
757 3324 912 3412 requies:
937 3324 1091 3394 animosa
1113 3328 1291 3395 obstacula
1314 3325 1457 3415 spernit,

445 3444 488 3512 Et
508 3440 612 3529 juvat
634 3436 790 3504 infernae
815 3434 918 3502 Satan
943 3437 1024 3501 trux
1048 3432 1179 3502 arbiter
1202 3437 1355 3505 umbrae.

445 3552 493 3620 Vt
515 3552 652 3617 torrens
675 3540 774 3612 undis
797 3558 965 3629 praeceps
989 3539 1195 3627 pluvialibus
1218 3543 1305 3611 altas

446 3654 589 3746 Appetit
612 3654 685 3740 ipse
709 3653 839 3731 domos,
862 3653 1079 3735 segetesque,
1103 3651 1273 3736 boumque
1297 3652 1432 3720 labores

445 3764 605 3850 Vndique
630 3757 753 3829 sternit
776 3755 894 3842 humi;
918 3755 999 3824 totis
1022 3755 1071 3823 sic
1095 3756 1225 3825 viribus
1248 3777 1384 3827 omnem
1462 3760 1467 3766 ’

446 3872 641 3943 Diffundent
664 3865 749 3934 Galli
775 3863 919 3945 rabiem,
942 3863 1180 3950 tumidumque
1204 3866 1368 3935 furorem.

446 3981 542 4050 Heu!
567 3974 702 4064 quoties
725 3972 798 4039 istis
818 3970 979 4058 jurantes
1001 3973 1141 4040 auribus
1164 3973 1262 4041 hausi

448 4092 528 4158 Sese
552 4101 734 4154 eversuros
757 4079 891 4148 meliori
915 4085 1071 4167 tempore
1096 4087 1245 4149 vestram

449 4197 502 4284 (Ni
528 4199 642 4261 tamen
668 4187 836 4276 aspiciant
859 4191 972 4255 tantas
995 4187 1148 4255 sedarier
1172 4187 1254 4276 iras)

448 4306 638 4380 Veronam,
662 4295 785 4364 vestris
807 4294 948 4363 insultet
971 4298 1010 4362 ut
1033 4294 1182 4382 undique
1207 4297 1315 4365 bustis
