3382 5362
741 388 922 456 ..49-

309 529 513 617 Aspicimus
536 532 750 619 populusque
775 535 827 599 est
851 531 1012 599 libertate
1039 531 1183 600 beatus?

310 638 446 706 Gemite
470 646 508 707 ut
532 639 659 707 assidui
683 640 905 724 geminentur
928 639 962 704 in
988 658 1086 706 arma
1110 636 1274 726 trumphi.

309 747 454 815 Caetera
477 751 662 835 praetereo
685 747 767 815 belli
791 767 935 814 narrare
960 752 1125 833 tropaea:

309 858 546 944 Magnanimos
570 860 665 928 vobis
689 861 844 927 stimulos
868 858 964 926 dedit
987 860 1125 926 aemula
1149 857 1270 940 virtus,

309 968 422 1052 Atque
447 967 543 1035 dabit
566 987 724 1054 semper:
749 987 871 1054 pacem
896 986 975 1034 cum
999 968 1144 1033 Caesare
1170 985 1343 1054 pangam;

309 1077 435 1141 Postea
457 1079 496 1143 ut
519 1074 553 1141 in
577 1078 730 1143 Venetos
754 1094 955 1142 moveamus
978 1075 1109 1161 praelia
1134 1074 1248 1141 falsos,

309 1183 393 1248 Nam
417 1181 583 1249 Comitem
608 1183 788 1264 Narbonis,
811 1202 913 1268 quem
937 1183 999 1248 sub
1023 1179 1159 1247 nomine
1184 1179 1290 1247 Lillae

308 1289 482 1373 AgnostiS,
505 1288 637 1356 circum
662 1289 741 1377 (nec
765 1308 824 1357 vos
849 1291 946 1375 latet)
971 1308 1031 1355 ore
1055 1287 1196 1373 procaci

310 1396 389 1462 Sese
409 1394 604 1481 jactantem
630 1401 759 1481 Regem
788 1401 926 1465 Verona
950 1395 1095 1483 recepit.

309 1503 473 1571 concidat
496 1502 561 1571 iste
586 1507 705 1573 Comes
727 1505 840 1590 regali
865 1504 1031 1590 sanguine
1056 1506 1157 1570 natus
1170 1525 1178 1589 3
1239 1529 1241 1533 ’

309 1610 430 1680 Nescio
454 1610 546 1679 enirn
569 1631 739 1698 quaenam
764 1618 915 1681 mentem
939 1611 1120 1701 praeludia
1144 1612 1283 1677 turbent

308 1717 388 1786 Dira
411 1718 516 1786 mihi:
542 1718 673 1801 videor,
696 1740 833 1788 somnus
856 1723 938 1789 dum
961 1723 1118 1788 membra
1141 1717 1291 1804 rigabat,

307 1825 491 1915 Aspexisse
507 1826 616 1896 oculis
638 1828 800 1914 cingente
825 1834 985 1917 tempora
1006 1833 1112 1911 serto,

308 1935 461 2023 Liliaque
486 1942 566 2006 ante
590 1938 685 2005 illurn
709 1958 845 2007 rursum
869 1942 1050 2007 florescere
1075 1936 1186 2018 caule,

309 2047 353 2112 Et
376 2046 460 2112 dare
484 2044 708 2131 Francigenis
731 2047 828 2132 leges
851 2051 887 2115 et
907 2046 990 2133 jura
1013 2043 1172 2113 reversis.

311 2155 405 2239 Ergo
430 2153 521 2221 serre
547 2153 639 2236 licet,
662 2174 797 2223 somnos
820 2155 848 2222 si
874 2175 957 2223 vera
980 2157 1180 2242 sequantur,

311 2258 466 2346 Amplius
489 2263 528 2326 ut
552 2260 646 2329 vivat
669 2260 824 2329 securior
848 2262 971 2347 hospes
994 2261 1029 2326 in
1053 2258 1168 2326 urbe?

308 2368 397 2444 Quot
420 2366 473 2434 sas
497 2371 577 2435 vota
600 2366 666 2434 suit
690 2371 913 2454 protendere,
936 2373 1062 2454 quotve
1086 2367 1257 2451 querelas,

308 2476 356 2541 Vt
375 2472 502 2560 jubeat
524 2477 646 2543 saltem
671 2475 851 2561 indignum
876 2478 1046 2543 decedere
1070 2477 1172 2558 longe

307 2581 415 2650 Adria
437 2582 615 2665 conticuit,
638 2604 845 2670 quamquam
870 2590 944 2652 tum
967 2588 1127 2652 cerneret
1151 2581 1228 2668 ejus

308 2694 413 2759 Tecta
436 2691 569 2758 referta
592 2690 686 2774 viriS,
710 2692 820 2759 noscit
843 2712 927 2778 qrros
951 2693 1026 2779 ipsa
1050 2693 1226 2758 faventes:

308 2801 392 2881 Hac,
415 2799 480 2865 hac
504 2803 580 2865 arte
604 2799 667 2866 silli
691 2818 838 2885 poenam
865 2802 954 2866 haud
979 2799 1173 2867 miseranda
1197 2795 1344 2883 paravit.
1379 2808 1384 2817 ·

308 2909 451 2993 lnsuper
474 2925 649 2973 armorum
673 2908 809 2990 ‹prarldo
834 2908 973 2974 tortuua
997 2908 1131 2974 terebat

310 3012 520 3095 Austriacos,
543 3013 656 3080 subito
681 3014 804 3081 taciem
830 3014 912 3081 mihi
936 3015 1070 3101 perlida
1095 3011 1212 3094 vortit,
1245 3008 1253 3026 '

309 3127 444 3212 Perque
468 3122 582 3189 dolum
608 3121 810 3188 conceditur
834 3123 906 3188 Arx
930 3122 1082 3188 Piscaria
1107 3126 1244 3206 turpem

308 3229 498 3312 Germanis
521 3229 640 3296 furtim
664 3249 749 3314 quos
772 3233 916 3298 sululola
939 3236 1114 3316 amatque,
1137 3232 1311 3313 favetque.

307 3337 347 3404 Di
370 3339 469 3419 bene,
491 3339 583 3422 quod
607 3338 745 3404 fortuna
770 3337 866 3404 brevi
891 3338 957 3405 illis
981 3343 1137 3423 tempore
1161 3336 1249 3417 risit,

308 3446 499 3530 Nostraque
523 3444 722 3512 Austriacos
745 3444 875 3514 virtute
900 3445 1108 3531 fugavimus,
1132 3450 1235 3530 atque

310 3557 346 3619 ln
370 3542 526 3620 madibus
550 3551 653 3618 rediit
677 3556 758 3618 tunc
782 3554 854 3618 Arx
879 3553 1031 3621 Piscaria
1055 3552 1200 3638 nostris3

309 3659 343 3727 Si
366 3679 476 3741 secus
498 3678 573 3746 ipsa
596 3659 694 3725 malis
718 3678 779 3727 nos
803 3660 1028 3747 oppressisset
1051 3660 1195 3727 acerbis

309 3766 427 3850 Adria,
450 3785 561 3834 nonne
586 3765 647 3833 tili
676 3786 822 3852 poenam
848 3767 938 3834 lizuid
964 3768 1159 3835 miseranda
1181 3764 1338 3853 parasti?

309 3878 448 3960 Ergone
472 3879 574 3959 turpe
598 3876 706 3958 nel'as,
730 3876 818 3959 quod
845 3880 999 3942 nostrum
1024 3874 1130 3941 laedit
1154 3875 1332 3955 honorem,

309 3983 336 4047 A
361 3981 506 4050 Venetis
529 3983 687 4068 perl'erre
713 3982 819 4049 licet?
843 3983 892 4050 sic
917 3988 998 4050 nota
1022 3984 1205 4049 voluntas?

310 4091 369 4158 llle
394 4110 461 4175 ego
485 4092 654 4175 longaevo
679 4092 799 4158 dentes
823 4095 927 4176 atque
952 4110 1013 4158 ora
1037 4088 1142 4157 Leoni

310 4199 534 4279 contundam,
558 4204 662 4283 atque
686 4198 756 4265 suis
780 4201 925 4266 evellam
950 4218 969 4266 e
993 4198 1144 4266 calcibus
1167 4217 1312 4282 ungues,

312 4304 405 4372 lllius
429 4324 450 4371 a
473 4308 574 4391 tergo
599 4304 791 4373 rescindam
816 4305 956 4373 irunritis
980 4310 1015 4372 ot
1038 4307 1120 4386 alas,
