3382 5362
854 423 1031 491 ,56-

426 569 630 656 Sumpsissct
654 571 744 637 tela:
770 567 946 652 octoginta
970 569 1062 637 mille
1088 571 1253 654 virorum,

426 679 468 742 Et
491 675 549 761 qui
573 677 672 742 fortis
695 682 805 756 orant,
829 674 1001 760 animique
1027 685 1171 764 experta
1191 679 1367 765 juventus

425 786 571 850 Pectora
594 804 657 869 pro
682 784 805 869 patria,
829 788 864 849 et
889 785 987 864 bona,
1011 783 1214 871 divitiasque
1238 788 1420 856 dedissent.

424 891 576 957 Feudum
602 890 659 976 qui
685 891 835 958 retinent
859 889 998 970 domini,
1022 894 1191 976 praebere
1214 894 1328 979 parati

425 999 468 1064 Et
491 997 569 1065 belli
595 997 833 1078 instrumenta,
857 996 1015 1082 virosque
1040 1018 1083 1066 ox
1107 1001 1248 1069 l‘oedere
1271 1006 1437 1070 centum‘

424 1104 593 1186 Adriacis,
616 1124 757 1190 seseque
782 1105 898 1184 duces
920 1103 1047 1171 aliosve
1073 1113 1260 1192 parassent.

424 1215 483 1293 Vt,
506 1230 584 1279 cum
608 1212 789 1279 mellillcae
813 1230 877 1298 per
900 1230 1044 1279 amaena
1068 1213 1178 1282 vireta
1202 1221 1367 1302 vagantes

424 1321 639 1386 Exercentur
661 1337 744 1406 apes
766 1336 886 1385 succos
909 1319 952 1384 de
976 1321 1059 1387 flore
1083 1322 1251 1406 legentes,

424 1426 458 1495 si
482 1446 566 1494 cava
591 1427 679 1493 sorte
703 1424 784 1492 terit
809 1425 933 1492 tinnitu
957 1425 1090 1493 villicus
1113 1447 1207 1512 aera,

423 1538 527 1602 Tecta
550 1534 672 1601 relicta
694 1536 815 1620 petunt
838 1532 1025 1600 stridentes·
1041 1535 1179 1620 agmine
1203 1540 1329 1627 denso;

423 1641 478 1710 Sic
501 1661 636 1728 quoque
660 1641 838 1710 consilinm
858 1639 985 1725 juvans
1009 1641 1159 1711 fluxisset
1182 1643 1217 1711 in
1242 1665 1347 1714 unum

422 1750 575 1818 Plurima
597 1750 699 1817 turba
722 1746 803 1816 duci
826 1750 976 1832 flagrans
998 1769 1120 1836 parere
1145 1752 1291 1821 vocanti.

422 1860 507 1926 Nam
532 1856 628 1944 cupit
650 1856 815 1923 Adriacas
837 1874 1004 1941 generoso
1028 1858 1194 1944 sanguine
1217 1863 1311 1948 leges

422 1965 540 2036 rotari
562 1963 759 2052 patriasque
783 1963 883 2032 simul
906 1966 1034 2033 confisa
1058 1968 1228 2054 tropaeis:

422 2077 465 2144 Et
488 2075 584 2154 bene,
608 2091 686 2139 nam
710 2071 800 2137 vires
822 2071 921 2138 foede
945 2077 1097 2142 scortata
1118 2079 1275 2162 potentes

422 2181 578 2250 OEnotria
599 2177 767 2246 adtribuit
790 2179 961 2246 nondum:
986 2187 1111 2250 natura
1134 2188 1285 2271 natabat,

421 2292 513 2369 Quae
536 2290 688 2354 flammat
712 2284 860 2353 tumidas
884 2289 1048 2356 Italorum
1072 2291 1204 2359 torrida
1228 2311 1339 2360 venas.

420 2399 537 2464 Nonne
560 2394 693 2461 animus
716 2393 820 2460 Gallis
843 2396 994 2480 caderet,
1018 2417 1096 2465 cum
1120 2400 1251 2486 praelia
1274 2402 1363 2467 dura

421 2503 667 2589 Exsuperanda
690 2502 828 2569 forent?
851 2503 977 2589 passim
1001 2510 1092 2572 stant
1116 2507 1234 2574 ordine
1258 2509 1362 2593 nulle,

420 2613 504 2678 Arte
529 2608 627 2677 Ducis
651 2610 764 2675 nulla:
789 2612 825 2675 at
848 2609 930 2675 t'elix
954 2612 1099 2679 audacia
1124 2613 1216 2682 vicit.

421 2721 448 2787 Ο
472 2722 556 2805 quot
580 2715 718 2801 legisses
740 2718 855 2784 lauros
878 2717 1031 2786 animosa
1050 2720 1226 2805 juventus,

421 2830 509 2905 Quot
531 2826 673 2913 palmas
696 2823 724 2889 si
747 2825 819 2890 fata
841 2824 904 2891 tibi
927 2845 994 2894 non
1018 2830 1117 2896 laeva
1139 2823 1299 2896 fuissent!

421 2937 550 3002 Cuncta
573 2933 632 2998 sed
655 2931 846 2998 incassum:
871 2951 1017 3020 namquo
1041 2954 1062 3000 a
1085 2937 1302 3024 sapientibus
1324 2935 1417 3025 ipsis²

421 3042 462 3132 (Ο
485 3041 573 3108 male
597 3058 794 3109 concessum
819 3059 980 3128 perverso
1004 3048 1160 3130 tempore
1182 3064 1316 3127 nomen,

420 3153 543 3218 Munus
565 3151 600 3216 et
622 3146 804 3233 egregium
817 3149 838 3236 l)
863 3149 970 3231 claro,
992 3155 1177 3238 sanctoque
1201 3154 1325 3222 Senato

421 3262 552 3328 Cuncta
575 3259 804 3339 occultantur,
827 3276 868 3324 ne
892 3258 992 3328 firmo
1016 3261 1119 3329 Curia
1141 3268 1228 3330 nutu

422 3365 614 3453 Ambiguae
637 3370 751 3453 posset
774 3364 908 3453 patriae
932 3386 1055 3435 curare
1079 3371 1235 3439 salutem.

422 3478 516 3562 Ergo
540 3472 626 3543 odiis
649 3472 797 3561 patriam
822 3479 953 3541 tantum
977 3476 1187 3546 insectantur
1211 3476 1356 3562 acerbis

422 3586 470 3652 Vt
494 3582 647 3651 trucibus
670 3582 783 3668 major
806 3584 951 3650 donetur
975 3584 1091 3669 gratia
1113 3586 1238 3654 Gallis!

422 3693 515 3760 Haec
538 3689 647 3776 igitur
669 3689 805 3777 populis
828 3691 925 3757 fessis
948 3711 1111 3778 responsa
1134 3696 1280 3762 dedere:

423 3802 451 3867 O
474 3799 578 3881 cives
601 3819 621 3866 o
644 3803 773 3884 quanta
795 3799 885 3865 datis
908 3801 999 3866 mala
1021 3801 1149 3868 semim
1172 3801 1263 3885 belli,

423 3910 515 3985 Quae
540 3927 610 3988 voS,
633 3928 721 3992 (urae
745 3912 844 3975 natos
867 3912 963 3974 certa
987 3907 1021 3973 in
1045 3909 1243 3976 discrimina
1266 3929 1382 3978 remur

424 4018 565 4098 Ducere,
587 4015 615 4082 si
640 4014 742 4081 vultis
765 4017 878 4082 Gallos
900 4016 1062 4083 invadere
1087 4021 1194 4086 bollo!

424 4125 516 4206 Quis
538 4128 619 4192 dum
643 4146 678 4193 se
701 4125 822 4194 rabido
846 4128 979 4194 confert
1003 4147 1064 4213 por
1088 4127 1240 4215 compita
1263 4148 1365 4216 passu

424 4235 533 4302 Vrsus
556 4236 644 4301 odax
667 4237 801 4320 replens
823 4237 911 4302 latos
934 4237 1141 4305 clamoribus
1164 4256 1279 4323 agros,

425 4341 506 4422 Quis
527 4345 685 4410 strenuus
708 4342 905 4429 rabiemque
928 4344 1083 4431 iramque
1107 4347 1273 4415 lacessere
1296 4347 1417 4432 tentet,
