3382 5362
833 377 1013 444 ..46-

402 524 552 609 Eloquor
578 520 695 590 infami
720 540 879 589 moerens
905 523 949 588 de
976 523 1083 605 gente
1107 523 1258 602 tuorum,

402 632 495 707 Quae
521 635 625 698 vexat
648 649 808 714 regnum,
831 647 919 715 quae
945 633 979 695 te
1008 627 1237 714 compagibus
1260 633 1369 711 arcet,

403 740 446 805 Et
469 739 585 806 studet
610 736 728 804 ltaliae
754 735 898 804 similem
924 737 1080 822 perferre
1105 738 1271 803 laborem.

402 845 518 914 Litera
542 848 633 914 lecta
657 844 744 913 suit:
769 832 934 930 scriptum
959 848 996 910 tu
1021 843 1162 930 percipe
1187 848 1313 926 mente,

402 953 489 1032 Quid
514 955 664 1021 reserat:
689 953 824 1039 quatiat
848 951 910 1019 tibi
936 954 1089 1019 membra
1113 958 1149 1019 et
1172 951 1321 1037 frigidus
1345 954 1481 1022 horror:

407 1062 458 1127 An
483 1060 586 1129 liceat
611 1062 725 1130 verbis
748 1065 863 1129 forsan
887 1080 1028 1146 sperare
1052 1062 1210 1142 salutem,

407 1172 459 1235 An
483 1169 605 1236 melius
629 1169 759 1250 tractis,
783 1172 915 1250 Patres,
939 1187 1141 1234 succurrere
1164 1171 1280 1249 rebus,

405 1280 501 1343 Nunc
526 1276 629 1344 liceat
654 1277 749 1344 vobis
772 1295 894 1344 severa
917 1276 1069 1362 pendere
1094 1277 1202 1341 lance.

404 1386 589 1468 Postquam
613 1383 856 1468 introgressus,
880 1385 986 1448 verba
1010 1382 1096 1448 haec
1120 1380 1204 1447 mihi
1227 1381 1338 1450 Gallia
1363 1383 1457 1463 lecit,

406 1493 500 1568 Quae
524 1510 662 1558 narrem
687 1510 782 1572 vera,
806 1495 841 1558 et
865 1509 952 1576 quae
979 1488 1120 1556 intentis
1143 1488 1284 1556 auribus
1307 1490 1415 1557 hausi.

407 1599 553 1679 Gaudet,
578 1601 613 1664 et
637 1599 727 1664 hunc
751 1601 847 1664 certe
873 1596 908 1662 in
932 1596 1049 1663 felicia
1073 1600 1231 1682 tempora
1255 1595 1333 1680 tigit

405 1705 514 1798 Gallia
538 1707 629 1773 laeta
652 1707 755 1787 diem,
778 1725 845 1791 quo
871 1709 905 1773 te
930 1704 1061 1791 excipit
1084 1705 1170 1791 ipsa,
1193 1703 1343 1782 Quirine.

407 1811 538 1879 Testari
564 1812 692 1894 videas,
716 1812 813 1897 queis
838 1817 872 1879 te
899 1818 1095 1894 veneratur,
1119 1813 1276 1880 honores

409 1923 576 2007 Tempore
601 1926 636 1988 et
661 1922 829 2005 exlongo
855 1922 1007 1988 Venetos
1030 1922 1212 2006 Gallosque
1236 1919 1388 1988 revinxit

406 2029 541 2096 Foedus
564 2027 750 2096 amicitiae.
775 2031 914 2095 Fuimus
938 2028 1082 2096 comites
1105 2028 1139 2095 in
1163 2028 1297 2115 praelia
1325 2027 1396 2112 fidi,

409 2135 552 2224 Saepius
575 2141 611 2204 et
634 2136 722 2203 duce
746 2136 886 2204 fortuna
909 2134 1099 2205 devicimus
1122 2138 1246 2204 hostes.

409 2243 519 2311 Gallia
544 2245 693 2311 deflebat
716 2245 778 2311 sub
803 2245 889 2311 duro
914 2246 1059 2311 verbere
1084 2264 1220 2330 regum,

409 2351 518 2418 Triste
539 2352 667 2438 jugum
692 2351 920 2438 disrupimus:
946 2351 1025 2418 hinc
1049 2372 1151 2438 quam
1176 2350 1309 2418 dulcius
1333 2351 1424 2419 omni

409 2460 563 2526 Foedere
588 2461 708 2527 l'oedus
733 2459 810 2541 erit,
834 2480 913 2527 cum
933 2448 1008 2545 jam
1033 2459 1077 2526 sit
1100 2459 1209 2526 libera
1233 2459 1329 2526 nobis

410 2565 564 2635 Conditio
589 2567 741 2653 pariter!
769 2588 829 2635 nos
853 2569 961 2638 terme
987 2566 1130 2634 exordia
1154 2569 1276 2634 eodem

410 2677 578 2759 Tempore
599 2672 786 2758 jactamus,
810 2673 922 2758 magis
945 2677 1048 2758 atque
1073 2674 1138 2740 hoc
1162 2673 1299 2740 vincula
1322 2673 1473 2758 stringit.
1547 2704 1551 2712 ·

411 2779 575 2848 Foederis
597 2779 722 2846 alterni
747 2799 890 2848 cernens
914 2782 1074 2866 exempla
1097 2780 1249 2866 stupebit

410 2887 578 2973 Quisquis,
601 2907 752 2973 opesque
775 2908 901 2973 graves
925 2888 1061 2974 trepido
1086 2889 1246 2974 pulmone
1271 2894 1446 2974 pavescet.
1475 2909 1477 2913 ⁴

386 2993 717 3080 Francigenaeque
743 2996 819 3081 pari
843 2995 1002 3080 generosi
1027 2999 1168 3081 pectore
1193 3016 1329 3082 semper

410 3106 479 3169 Par
503 3103 660 3169 reddent.
686 3106 767 3170 Cum
792 3108 909 3170 nostra
933 3104 1062 3170 micans
1086 3103 1293 3188 Respublica
1316 3104 1439 3192 primis

411 3209 555 3278 Insidias
579 3209 702 3276 metuit
725 3211 833 3294 cuniS,
857 3211 1008 3278 incertus
1032 3199 1066 3277 et
1090 3216 1180 3278 esset

411 3317 544 3398 Exitus,
569 3317 708 3403 excepit
732 3323 814 3386 tunc
837 3319 944 3385 Adria
968 3319 1073 3385 corde
1098 3318 1260 3404 benigno,
1324 3340 1326 3347 ’

411 3426 518 3501 Quem
542 3444 602 3492 nos
626 3428 795 3510 Legatum
820 3426 1028 3507 demisimus,
1052 3430 1155 3511 atque
1184 3426 1331 3495 libenter

411 3532 519 3598 Adria
542 3532 737 3618 conspicuis
762 3534 951 3600 cumulavit
975 3533 1160 3600 honoribus
1182 3553 1304 3620 aequa.

412 3639 479 3706 Nos
502 3640 697 3724 iterumque
722 3640 916 3726 iterumque
942 3639 1127 3707 fatebimur
1152 3642 1318 3725 omnibuS,
1342 3663 1415 3712 esse

412 3747 477 3812 Fas
501 3766 645 3831 magnas
676 3748 784 3832 nobis
808 3749 999 3832 dignasque
1024 3751 1216 3833 rependere
1240 3755 1370 3834 grates.

412 3854 565 3938 Namque
591 3856 722 3937 moduS,
745 3855 843 3922 nobis
866 3877 933 3940 quo
958 3875 1094 3942 semper
1123 3856 1220 3938 tavit,
1244 3859 1371 3941 agendi

412 3962 596 4027 Praevalct
619 3961 693 4047 ipse
718 3963 840 4046 magis
864 3982 928 4029 nec
952 3963 1043 4029 iners
1067 3962 1193 4030 oblivio
1218 3968 1352 4031 tantum

413 4069 573 4153 anuam
597 4070 639 4135 de
665 4073 782 4136 nostro
807 4073 1024 4137 benetactum
1049 4076 1191 4156 pectore
1215 4074 1340 4157 perdet

412 4175 502 4250 Quot
527 4194 626 4241 casus
649 4195 811 4260 unquam,
835 4182 919 4262 quot
942 4179 1069 4245 acerba
1091 4178 1248 4265 pericula
1271 4199 1389 4247 rerum

415 4281 598 4363 Extimuit,
623 4281 703 4350 tidei
728 4288 766 4350 ut
790 4286 974 4369 praeberet
996 4289 1141 4371 pectora
1164 4288 1328 4354 nostrae?
