3382 5362
657 431 835 495 ...93-

225 582 341 646 Nonne
366 583 459 645 rates
483 576 588 669 etiam
612 576 745 660 gladios
769 595 934 663 ensesque
958 578 1116 646 serebant

224 687 371 754 Hostiles
390 685 540 771 jamjam
565 685 747 768 tingendos
770 686 938 769 sanguine
962 688 1105 755 nostre?

225 793 573 862 Haeccineamicitia
598 796 817 877 praestantur
841 795 983 861 t'oedera
1007 794 1129 863 nobis?

224 907 336 989 Atque
361 903 418 969 ubi
443 907 545 989 pacta
568 902 665 983 fideS,
688 901 884 986 iterumque
908 904 1102 988 iterumque
1126 907 1279 971 novata?

224 1014 298 1077 Heu
322 1013 452 1096 pudeat
476 1011 614 1075 taudem
641 1009 754 1074 verbis
777 1027 837 1075 nes
861 1013 1005 1078 credere
1030 1010 1171 1077 vestris!

224 1118 279 1184 Sic
302 1118 362 1200 ait,
387 1122 422 1183 et
445 1117 603 1183 fremitus
628 1122 735 1184 totam
760 1138 795 1185 se
820 1119 933 1186 fundit
957 1119 990 1184 in
1014 1120 1141 1199 aulam,

223 1226 335 1310 Atque
359 1223 476 1291 minax
500 1225 661 1308 gemitus,
685 1227 825 1293 rabidae
851 1226 1057 1294 commixtus
1081 1229 1116 1292 ct
1140 1224 1213 1291 irae

222 1331 363 1398 Patricii
388 1331 524 1415 egregii
549 1333 733 1416 flagrantia
757 1337 864 1402 verba
887 1334 1067 1420 probabat.

222 1442 283 1505 Ast
299 1443 474 1525 Bonapars
490 1438 601 1525 impos
616 1439 849 1508 stimulantem
867 1443 1005 1508 flectere
1023 1439 1125 1506 bilem
1142 1442 1205 1520 est,

223 1549 307 1612 Nam
332 1546 432 1613 facile
457 1545 559 1613 bilem
584 1566 747 1633 perverso
772 1548 806 1614 in
831 1552 974 1635 pectore
1000 1548 1107 1614 verba

222 1657 317 1721 Vera
341 1657 480 1721 movent
504 1653 657 1736 tacitam,
681 1655 766 1722 fines
788 1676 877 1741 quae
902 1653 1054 1742 pectoris
1078 1653 1170 1720 ultra

224 1761 330 1829 Insilit
355 1762 514 1828 humani:
540 1762 731 1829 horrendus
754 1763 850 1850 cupit
874 1764 929 1831 ille
954 1763 1106 1830 furorem
1289 1837 1292 1842 ,

224 1873 395 1937 Excutere
420 1869 616 1950 immanem,
639 1871 768 1939 Phoebi
792 1875 842 1955 ut,
870 1870 1073 1954 Triviaeque
1098 1869 1259 1935 sacerdos

221 1977 395 2064 Deiphobe
420 1995 539 2044 vocem
563 1979 606 2043 ad
631 1978 803 2047 Phoebeia
826 1980 899 2046 fata
923 1979 1115 2065 resolvens⁸

223 2087 268 2152 Os
291 2084 460 2165 rabidum,
484 2084 558 2150 fera
582 2088 687 2153 corda
710 2086 832 2172 quat‘t,
856 2086 1023 2172 fingitque
1048 2085 1247 2171 premendo,

223 2197 297 2259 Jam
322 2195 469 2278 flagrant
493 2193 595 2275 oculi,
619 2197 691 2262 tcto
716 2194 917 2273 diffunditur
942 2195 1066 2259 ardens

223 2303 289 2368 Ore
314 2304 430 2382 rubor,
453 2299 655 2384 quatiuntur
679 2303 775 2368 labra
797 2301 961 2382 coercita,
985 2302 1105 2366 dentes

223 2408 423 2494 Comprimit
445 2409 518 2496 ipse
542 2428 632 2491 suoS,
655 2411 796 2477 horrent
820 2409 853 2475 in
880 2407 1009 2475 vertice
1033 2405 1156 2487 crines,

222 2519 333 2601 Atque
360 2519 490 2584 tument
514 2537 633 2598 venae,
655 2521 758 2602 atque
783 2522 880 2584 aestu
901 2513 1104 2603 praecordia
1127 2514 1300 2580 anhelant.

222 2625 379 2690 Semesae
404 2644 516 2706 roceo,
540 2625 719 2710 agitatque
743 2644 875 2706 manus,
897 2621 1109 2710 pedibusque

222 2732 390 2797 Tellurem
415 2734 527 2818 pulsat
550 2752 707 2817 surgens,
731 2736 766 2799 et
789 2751 936 2818 corpore
961 2735 1033 2797 toto

169 2926 171 2931 ,
222 2839 433 2921 Concutitur,
457 2858 626 2924 vocesque
650 2841 748 2906 ferox
772 2837 966 2926 prorumpit
990 2837 1024 2901 in
1049 2835 1152 2904 istas:

222 2945 381 3013 Siccine?
404 2945 582 3015 consilium
607 2946 720 3013 verbis
744 2945 865 3013 velatis
887 2944 1047 3012 acerbis?

222 3058 295 3120 lam
320 3057 418 3141 patet
441 3072 541 3120 onme
566 3053 659 3120 mihi.
684 3053 808 3121 Veneti
833 3053 1041 3120 meditantur
1065 3048 1173 3135 iniqui

220 3158 442 3243 Francigenis
465 3160 595 3232 fatum:
620 3162 716 3227 fallet
740 3160 909 3228 sententia
933 3161 1065 3225 vosmet

221 3270 297 3351 lpse
321 3269 428 3333 Deum
453 3269 573 3349 testor,
596 3273 730 3335 nostros
753 3268 812 3352 qui
836 3266 957 3351 dirigit
981 3283 1090 3345 enses,

221 3377 355 3458 Perque
379 3375 494 3456 fidem,
518 3376 619 3442 factis
643 3396 745 3461 quam
771 3395 830 3444 vos
854 3373 1007 3440 violastis
1030 3371 1166 3457 iniquis,

222 3483 288 3546 Per
312 3482 400 3566 quod
427 3481 462 3547 iu
487 3481 651 3550 immenso
676 3501 883 3549 veneramur
907 3479 1058 3547 sanctius
1081 3481 1176 3560 orbe,

223 3589 318 3662 Quod
343 3587 425 3653 mihi
450 3606 517 3654 non
541 3590 641 3655 tarda
664 3608 777 3676 poena
799 3587 980 3655 commissa
1003 3586 1115 3653 luetis.

222 3693 366 3760 Creditis
390 3713 433 3761 an
458 3714 626 3780 nequeam
651 3695 787 3782 populis
811 3696 992 3763 ostendere
1017 3693 1160 3778 cunctis

222 3799 308 3877 Quid
333 3803 470 3868 valeant
494 3802 593 3885 Galli,
616 3804 696 3889 quid
723 3803 814 3870 vires
838 3801 988 3886 undique
1012 3801 1153 3888 possint,

221 3913 307 3974 llum
331 3929 386 3976 me
410 3912 593 3978 bellantem
617 3911 802 3979 Germania
826 3918 861 3979 et
885 3911 959 3998 ipsa
982 3910 1175 3976 tremiscit?

223 4019 370 4086 Creditis
393 4038 480 4086 anne
505 4021 619 4087 ferant
641 4023 766 4107 pacato
790 4023 894 4088 corde
919 4021 1048 4103 ruinas,

221 4129 334 4211 Atque
358 4145 437 4192 suas
460 4131 596 4212 strages
619 4127 749 4210 Latiae,
772 4148 857 4214 quas
881 4132 980 4210 duco,
1004 4130 1189 4195 cohortes?

221 4236 338 4300 Verba
361 4234 505 4300 retunde
529 4234 649 4316 libem,
671 4235 810 4302 fallacia
834 4239 941 4303 verba
965 4237 1136 4303 refundes

222 4344 297 4406 Jam
320 4339 430 4408 socios
453 4340 600 4408 ulciscar-
625 4360 702 4426 ego,
726 4345 762 4408 et
785 4362 863 4429 spes
890 4345 983 4409 nulla
1006 4342 1125 4409 salutis
