<?xml version="1.0" encoding="UTF-8"?>
<!DOCTYPE html PUBLIC "-//W3C//DTD XHTML 1.0 Transitional//EN"
    "http://www.w3.org/TR/xhtml1/DTD/xhtml1-transitional.dtd">
<html xmlns="http://www.w3.org/1999/xhtml" xml:lang="en" lang="en">
 <head>
  <title>
</title>
<meta http-equiv="Content-Type" content="text/html;charset=utf-8" />
  <meta name='ocr-system' content='tesseract 3.04.00' />
  <meta name='ocr-capabilities' content='ocr_page ocr_carea ocr_par ocr_line ocrx_word'/>
</head>
<body>
  <div class='ocr_page' id='page_1' title='image "adriades00pasigoog_0107.png"; bbox 0 0 3382 5362; ppageno 0'>
   <div class='ocr_carea' id='block_1_1' title="bbox 887 426 1064 493">
    <p class='ocr_par' dir='ltr' id='par_1_1' title="bbox 887 426 1064 493">
     <span class='ocr_line' id='line_1_1' title="bbox 887 426 1064 493; baseline -0.017 -16"><span class='ocrx_word' id='word_1_1' title='bbox 887 426 1064 493; x_wconf 74' lang='lat'>..98-</span> 
     </span>
    </p>
   </div>
   <div class='ocr_carea' id='block_1_2' title="bbox 458 569 1543 4421">
    <p class='ocr_par' dir='ltr' id='par_1_2' title="bbox 458 569 1336 763">
     <span class='ocr_line' id='line_1_2' title="bbox 458 569 1336 653; baseline 0 -17"><span class='ocrx_word' id='word_1_2' title='bbox 458 569 501 636; x_wconf 88' lang='lat' dir='ltr'>Et</span> <span class='ocrx_word' id='word_1_3' title='bbox 524 570 706 637; x_wconf 89' lang='lat' dir='ltr'>retrahens</span> <span class='ocrx_word' id='word_1_4' title='bbox 728 569 844 636; x_wconf 92' lang='lat' dir='ltr'>radios</span> <span class='ocrx_word' id='word_1_5' title='bbox 868 572 1034 653; x_wconf 77' lang='lat' dir='ltr'>urgentes</span> <span class='ocrx_word' id='word_1_6' title='bbox 1057 569 1200 636; x_wconf 84' lang='lat' dir='ltr'>fundere</span> <span class='ocrx_word' id='word_1_7' title='bbox 1224 569 1336 636; x_wconf 75' lang='lat' dir='ltr'>lucem</span> 
     </span>
     <span class='ocr_line' id='line_1_3' title="bbox 458 677 1165 763; baseline 0 -19"><span class='ocrx_word' id='word_1_8' title='bbox 458 677 586 763; x_wconf 83' lang='lat' dir='ltr'>Aspexi</span> <span class='ocrx_word' id='word_1_9' title='bbox 609 677 718 745; x_wconf 92' lang='lat' dir='ltr'>sidus:</span> <span class='ocrx_word' id='word_1_10' title='bbox 745 677 813 744; x_wconf 91' lang='lat' dir='ltr'>vidi</span> <span class='ocrx_word' id='word_1_11' title='bbox 838 678 1049 763; x_wconf 89' lang='lat' dir='ltr'>praecedere</span> <span class='ocrx_word' id='word_1_12' title='bbox 1074 681 1165 744; x_wconf 91' lang='lat' dir='ltr'>tetro</span> 
     </span>
    </p>

    <p class='ocr_par' dir='ltr' id='par_1_3' title="bbox 459 786 1419 1411">
     <span class='ocr_line' id='line_1_4' title="bbox 459 786 1343 868; baseline 0 -17"><span class='ocrx_word' id='word_1_13' title='bbox 459 787 649 855; x_wconf 89' lang='lat' dir='ltr'>Pallentem</span> <span class='ocrx_word' id='word_1_14' title='bbox 675 788 783 868; x_wconf 89' lang='lat' dir='ltr'>vultu,</span> <span class='ocrx_word' id='word_1_15' title='bbox 807 789 843 853; x_wconf 89' lang='lat' dir='ltr'>et</span> <span class='ocrx_word' id='word_1_16' title='bbox 866 786 1040 854; x_wconf 87' lang='lat' dir='ltr'>taciturna</span> <span class='ocrx_word' id='word_1_17' title='bbox 1064 787 1139 852; x_wconf 92' lang='lat' dir='ltr'>luce</span> <span class='ocrx_word' id='word_1_18' title='bbox 1165 787 1343 852; x_wconf 81' lang='lat' dir='ltr'>Cometen:</span> 
     </span>
     <span class='ocr_line' id='line_1_5' title="bbox 459 893 1345 978; baseline -0.001 -19"><span class='ocrx_word' id='word_1_19' title='bbox 459 894 598 978; x_wconf 81' lang='lat' dir='ltr'>Longus</span> <span class='ocrx_word' id='word_1_20' title='bbox 622 900 698 962; x_wconf 89' lang='lat' dir='ltr'>erat</span> <span class='ocrx_word' id='word_1_21' title='bbox 722 893 840 962; x_wconf 90' lang='lat' dir='ltr'>crinis:</span> <span class='ocrx_word' id='word_1_22' title='bbox 869 895 982 961; x_wconf 88' lang='lat' dir='ltr'>lumen</span> <span class='ocrx_word' id='word_1_23' title='bbox 1008 895 1176 977; x_wconf 80' lang='lat' dir='ltr'>vergebat</span> <span class='ocrx_word' id='word_1_24' title='bbox 1200 911 1345 978; x_wconf 89' lang='lat' dir='ltr'>opacum</span> 
     </span>
     <span class='ocr_line' id='line_1_6' title="bbox 459 987 1414 1085; baseline 0 -19"><span class='ocrx_word' id='word_1_25' title='bbox 459 1001 577 1068; x_wconf 89' lang='lat' dir='ltr'>Tristis</span> <span class='ocrx_word' id='word_1_26' title='bbox 600 1003 643 1068; x_wconf 92' lang='lat' dir='ltr'>ad</span> <span class='ocrx_word' id='word_1_27' title='bbox 668 1021 848 1070; x_wconf 88' lang='lat' dir='ltr'>occasum:</span> <span class='ocrx_word' id='word_1_28' title='bbox 874 1006 978 1085; x_wconf 90' lang='lat' dir='ltr'>atque</span> <span class='ocrx_word' id='word_1_29' title='bbox 1002 1019 1069 1067; x_wconf 94' lang='lat' dir='ltr'>non</span> <span class='ocrx_word' id='word_1_30' title='bbox 1094 987 1232 1085; x_wconf 80' lang='lat' dir='ltr'>impune</span> <span class='ocrx_word' id='word_1_31' title='bbox 1257 999 1414 1066; x_wconf 82' lang='lat' dir='ltr'>videbam</span> 
     </span>
     <span class='ocr_line' id='line_1_7' title="bbox 459 1106 1419 1195; baseline 0 -21"><span class='ocrx_word' id='word_1_32' title='bbox 459 1108 513 1175; x_wconf 87' lang='lat' dir='ltr'>Sic</span> <span class='ocrx_word' id='word_1_33' title='bbox 538 1109 713 1176; x_wconf 91' lang='lat' dir='ltr'>minimum</span> <span class='ocrx_word' id='word_1_34' title='bbox 739 1110 918 1195; x_wconf 82' lang='lat' dir='ltr'>splendere</span> <span class='ocrx_word' id='word_1_35' title='bbox 940 1107 1045 1192; x_wconf 88' lang='lat' dir='ltr'>jubar</span> <span class='ocrx_word' id='word_1_36' title='bbox 1059 1130 1067 1193; x_wconf 81' lang='lat'>3</span> <span class='ocrx_word' id='word_1_37' title='bbox 1091 1109 1151 1175; x_wconf 90' lang='lat' dir='ltr'>sed</span> <span class='ocrx_word' id='word_1_38' title='bbox 1175 1107 1269 1175; x_wconf 89' lang='lat' dir='ltr'>crine</span> <span class='ocrx_word' id='word_1_39' title='bbox 1295 1106 1419 1174; x_wconf 91' lang='lat' dir='ltr'>minaci</span> 
     </span>
     <span class='ocr_line' id='line_1_8' title="bbox 459 1217 1390 1304; baseline 0.001 -24"><span class='ocrx_word' id='word_1_40' title='bbox 459 1217 604 1284; x_wconf 86' lang='lat' dir='ltr'>Nunciet</span> <span class='ocrx_word' id='word_1_41' title='bbox 628 1221 688 1285; x_wconf 91' lang='lat' dir='ltr'>aut</span> <span class='ocrx_word' id='word_1_42' title='bbox 713 1217 847 1304; x_wconf 88' lang='lat' dir='ltr'>populis</span> <span class='ocrx_word' id='word_1_43' title='bbox 871 1217 1006 1296; x_wconf 88' lang='lat' dir='ltr'>caedes,</span> <span class='ocrx_word' id='word_1_44' title='bbox 1030 1218 1091 1281; x_wconf 92' lang='lat' dir='ltr'>aut</span> <span class='ocrx_word' id='word_1_45' title='bbox 1114 1217 1255 1299; x_wconf 78' lang='lat' dir='ltr'>regibus</span> <span class='ocrx_word' id='word_1_46' title='bbox 1279 1219 1390 1282; x_wconf 84' lang='lat' dir='ltr'>atrox.</span> 
     </span>
     <span class='ocr_line' id='line_1_9' title="bbox 459 1322 1332 1411; baseline 0 -23"><span class='ocrx_word' id='word_1_47' title='bbox 459 1326 552 1390; x_wconf 90' lang='lat' dir='ltr'>Tunc</span> <span class='ocrx_word' id='word_1_48' title='bbox 576 1324 688 1392; x_wconf 88' lang='lat' dir='ltr'>subito</span> <span class='ocrx_word' id='word_1_49' title='bbox 712 1323 803 1392; x_wconf 88' lang='lat' dir='ltr'>dulci</span> <span class='ocrx_word' id='word_1_50' title='bbox 828 1326 966 1391; x_wconf 89' lang='lat' dir='ltr'>resonat</span> <span class='ocrx_word' id='word_1_51' title='bbox 989 1322 1174 1411; x_wconf 80' lang='lat' dir='ltr'>spiramine</span> <span class='ocrx_word' id='word_1_52' title='bbox 1200 1332 1332 1403; x_wconf 89' lang='lat' dir='ltr'>ventus,</span> 
     </span>
    </p>

    <p class='ocr_par' dir='ltr' id='par_1_4' title="bbox 460 1428 1315 1621">
     <span class='ocr_line' id='line_1_10' title="bbox 460 1428 1315 1516; baseline -0.001 -21"><span class='ocrx_word' id='word_1_53' title='bbox 460 1433 502 1495; x_wconf 84' lang='lat' dir='ltr'>Et</span> <span class='ocrx_word' id='word_1_54' title='bbox 525 1431 637 1515; x_wconf 79' lang='lat' dir='ltr'>lugat,</span> <span class='ocrx_word' id='word_1_55' title='bbox 660 1437 699 1499; x_wconf 93' lang='lat' dir='ltr'>ut</span> <span class='ocrx_word' id='word_1_56' title='bbox 724 1433 862 1499; x_wconf 91' lang='lat' dir='ltr'>volvant</span> <span class='ocrx_word' id='word_1_57' title='bbox 884 1429 990 1516; x_wconf 90' lang='lat' dir='ltr'>spisso</span> <span class='ocrx_word' id='word_1_58' title='bbox 1016 1428 1183 1496; x_wconf 87' lang='lat' dir='ltr'>velamine</span> <span class='ocrx_word' id='word_1_59' title='bbox 1208 1428 1315 1496; x_wconf 90' lang='lat' dir='ltr'>visum</span> 
     </span>
     <span class='ocr_line' id='line_1_11' title="bbox 460 1536 1259 1621; baseline -0.003 -17"><span class='ocrx_word' id='word_1_60' title='bbox 460 1536 654 1606; x_wconf 81' lang='lat' dir='ltr'>Mirandum</span> <span class='ocrx_word' id='word_1_61' title='bbox 678 1558 771 1621; x_wconf 86' lang='lat' dir='ltr'>sane,</span> <span class='ocrx_word' id='word_1_62' title='bbox 794 1537 952 1606; x_wconf 87' lang='lat' dir='ltr'>sublimia</span> <span class='ocrx_word' id='word_1_63' title='bbox 976 1537 1092 1605; x_wconf 86' lang='lat' dir='ltr'>nubila</span> <span class='ocrx_word' id='word_1_64' title='bbox 1115 1537 1259 1618; x_wconf 88' lang='lat' dir='ltr'>circum,</span> 
     </span>
    </p>

    <p class='ocr_par' dir='ltr' id='par_1_5' title="bbox 460 1645 1436 2594">
     <span class='ocr_line' id='line_1_12' title="bbox 460 1645 1346 1731; baseline -0.002 -18"><span class='ocrx_word' id='word_1_65' title='bbox 460 1647 554 1722; x_wconf 85' lang='lat' dir='ltr'>Quae</span> <span class='ocrx_word' id='word_1_66' title='bbox 578 1647 666 1715; x_wconf 90' lang='lat' dir='ltr'>coeli</span> <span class='ocrx_word' id='word_1_67' title='bbox 690 1649 841 1715; x_wconf 89' lang='lat' dir='ltr'>condunt</span> <span class='ocrx_word' id='word_1_68' title='bbox 864 1648 1032 1713; x_wconf 84' lang='lat' dir='ltr'>australes</span> <span class='ocrx_word' id='word_1_69' title='bbox 1056 1645 1196 1712; x_wconf 90' lang='lat' dir='ltr'>humida</span> <span class='ocrx_word' id='word_1_70' title='bbox 1219 1649 1346 1731; x_wconf 84' lang='lat' dir='ltr'>partes</span> 
     </span>
     <span class='ocr_line' id='line_1_13' title="bbox 460 1753 1331 1842; baseline -0.002 -21"><span class='ocrx_word' id='word_1_71' title='bbox 460 1753 600 1823; x_wconf 89' lang='lat' dir='ltr'>Nescius</span> <span class='ocrx_word' id='word_1_72' title='bbox 623 1775 695 1842; x_wconf 82' lang='lat' dir='ltr'>ipse</span> <span class='ocrx_word' id='word_1_73' title='bbox 720 1755 786 1822; x_wconf 88' lang='lat' dir='ltr'>mei</span> <span class='ocrx_word' id='word_1_74' title='bbox 811 1754 961 1822; x_wconf 88' lang='lat' dir='ltr'>medium</span> <span class='ocrx_word' id='word_1_75' title='bbox 987 1773 1172 1821; x_wconf 80' lang='lat' dir='ltr'>vanescere</span> <span class='ocrx_word' id='word_1_76' title='bbox 1198 1754 1331 1821; x_wconf 90' lang='lat' dir='ltr'>coelum</span> 
     </span>
     <span class='ocr_line' id='line_1_14' title="bbox 461 1861 1266 1950; baseline -0.004 -21"><span class='ocrx_word' id='word_1_77' title='bbox 461 1862 611 1949; x_wconf 70' lang='lat' dir='ltr'>aspicie,</span> <span class='ocrx_word' id='word_1_78' title='bbox 634 1867 670 1931; x_wconf 89' lang='lat' dir='ltr'>et</span> <span class='ocrx_word' id='word_1_79' title='bbox 693 1863 791 1931; x_wconf 89' lang='lat' dir='ltr'>suavi</span> <span class='ocrx_word' id='word_1_80' title='bbox 813 1867 925 1950; x_wconf 87' lang='lat' dir='ltr'>replet</span> <span class='ocrx_word' id='word_1_81' title='bbox 949 1861 1128 1931; x_wconf 87' lang='lat' dir='ltr'>dulcedine</span> <span class='ocrx_word' id='word_1_82' title='bbox 1153 1863 1266 1929; x_wconf 90' lang='lat' dir='ltr'>lumen</span> 
     </span>
     <span class='ocr_line' id='line_1_15' title="bbox 460 1970 1336 2058; baseline -0.002 -21"><span class='ocrx_word' id='word_1_83' title='bbox 460 1970 633 2040; x_wconf 83' lang='lat' dir='ltr'>Attonitos</span> <span class='ocrx_word' id='word_1_84' title='bbox 656 1974 784 2054; x_wconf 71' lang='lat' dir='ltr'>oculos</span> <span class='ocrx_word' id='word_1_85' title='bbox 807 1971 918 2058; x_wconf 91' lang='lat' dir='ltr'>qualis</span> <span class='ocrx_word' id='word_1_86' title='bbox 940 1972 1180 2058; x_wconf 85' lang='lat' dir='ltr'>splendescere</span> <span class='ocrx_word' id='word_1_87' title='bbox 1204 1989 1336 2036; x_wconf 91' lang='lat' dir='ltr'>summo</span> 
     </span>
     <span class='ocr_line' id='line_1_16' title="bbox 460 2077 1341 2158; baseline -0.002 -14"><span class='ocrx_word' id='word_1_88' title='bbox 460 2081 557 2147; x_wconf 90' lang='lat' dir='ltr'>Mane</span> <span class='ocrx_word' id='word_1_89' title='bbox 582 2080 669 2147; x_wconf 90' lang='lat' dir='ltr'>solet</span> <span class='ocrx_word' id='word_1_90' title='bbox 692 2079 799 2147; x_wconf 89' lang='lat' dir='ltr'>roseis</span> <span class='ocrx_word' id='word_1_91' title='bbox 822 2099 1005 2147; x_wconf 90' lang='lat' dir='ltr'>concussus</span> <span class='ocrx_word' id='word_1_92' title='bbox 1028 2077 1186 2146; x_wconf 85' lang='lat' dir='ltr'>curribus</span> <span class='ocrx_word' id='word_1_93' title='bbox 1209 2078 1341 2158; x_wconf 80' lang='lat' dir='ltr'>aether,</span> 
     </span>
     <span class='ocr_line' id='line_1_17' title="bbox 460 2184 1308 2263; baseline -0.006 -10"><span class='ocrx_word' id='word_1_94' title='bbox 460 2187 550 2263; x_wconf 83' lang='lat' dir='ltr'>Quos</span> <span class='ocrx_word' id='word_1_95' title='bbox 575 2185 668 2254; x_wconf 91' lang='lat' dir='ltr'>vehit</span> <span class='ocrx_word' id='word_1_96' title='bbox 691 2186 908 2254; x_wconf 85' lang='lat' dir='ltr'>auricomans</span> <span class='ocrx_word' id='word_1_97' title='bbox 932 2185 1035 2253; x_wconf 93' lang='lat' dir='ltr'>vicini</span> <span class='ocrx_word' id='word_1_98' title='bbox 1059 2184 1182 2253; x_wconf 92' lang='lat' dir='ltr'>nuncia</span> <span class='ocrx_word' id='word_1_99' title='bbox 1207 2184 1308 2253; x_wconf 87' lang='lat' dir='ltr'>Solis:</span> 
     </span>
     <span class='ocr_line' id='line_1_18' title="bbox 460 2292 1352 2379; baseline -0.003 -19"><span class='ocrx_word' id='word_1_100' title='bbox 460 2294 611 2362; x_wconf 89' lang='lat' dir='ltr'>Dulciter</span> <span class='ocrx_word' id='word_1_101' title='bbox 635 2298 671 2361; x_wconf 88' lang='lat' dir='ltr'>et</span> <span class='ocrx_word' id='word_1_102' title='bbox 695 2298 834 2362; x_wconf 92' lang='lat' dir='ltr'>ventum</span> <span class='ocrx_word' id='word_1_103' title='bbox 861 2313 963 2361; x_wconf 91' lang='lat' dir='ltr'>voces</span> <span class='ocrx_word' id='word_1_104' title='bbox 986 2292 1121 2378; x_wconf 81' lang='lat' dir='ltr'>agitare</span> <span class='ocrx_word' id='word_1_105' title='bbox 1146 2312 1209 2379; x_wconf 90' lang='lat' dir='ltr'>per</span> <span class='ocrx_word' id='word_1_106' title='bbox 1233 2311 1352 2359; x_wconf 90' lang='lat' dir='ltr'>auram</span> 
     </span>
     <span class='ocr_line' id='line_1_19' title="bbox 461 2397 1436 2486; baseline -0.004 -18"><span class='ocrx_word' id='word_1_107' title='bbox 461 2401 666 2469; x_wconf 83' lang='lat' dir='ltr'>Melliferam</span> <span class='ocrx_word' id='word_1_108' title='bbox 690 2401 843 2486; x_wconf 82' lang='lat' dir='ltr'>cytharis</span> <span class='ocrx_word' id='word_1_109' title='bbox 867 2404 1042 2486; x_wconf 88' lang='lat' dir='ltr'>tamquam</span> <span class='ocrx_word' id='word_1_110' title='bbox 1067 2399 1305 2468; x_wconf 84' lang='lat' dir='ltr'>resonantibus</span> <span class='ocrx_word' id='word_1_111' title='bbox 1328 2397 1436 2465; x_wconf 84' lang='lat' dir='ltr'>hausi.</span> 
     </span>
     <span class='ocr_line' id='line_1_20' title="bbox 461 2507 1292 2594; baseline -0.002 -20"><span class='ocrx_word' id='word_1_112' title='bbox 461 2507 517 2576; x_wconf 89' lang='lat' dir='ltr'>Sic</span> <span class='ocrx_word' id='word_1_113' title='bbox 540 2510 606 2575; x_wconf 83' lang='lat' dir='ltr'>suit</span> <span class='ocrx_word' id='word_1_114' title='bbox 631 2508 807 2576; x_wconf 86' lang='lat' dir='ltr'>immixtus</span> <span class='ocrx_word' id='word_1_115' title='bbox 834 2512 938 2594; x_wconf 79' lang='lat' dir='ltr'>grata</span> <span class='ocrx_word' id='word_1_116' title='bbox 961 2507 1142 2576; x_wconf 70' lang='lat' dir='ltr'>dulcedine</span> <span class='ocrx_word' id='word_1_117' title='bbox 1168 2511 1292 2574; x_wconf 88' lang='lat' dir='ltr'>terror.</span> 
     </span>
    </p>

    <p class='ocr_par' dir='ltr' id='par_1_6' title="bbox 461 2607 1499 3133">
     <span class='ocr_line' id='line_1_21' title="bbox 462 2607 1499 2701; baseline -0.002 -19"><span class='ocrx_word' id='word_1_118' title='bbox 462 2618 560 2683; x_wconf 89' lang='lat' dir='ltr'>Nulla</span> <span class='ocrx_word' id='word_1_119' title='bbox 583 2615 647 2683; x_wconf 84' lang='lat' dir='ltr'>fuit</span> <span class='ocrx_word' id='word_1_120' title='bbox 672 2619 789 2698; x_wconf 72' lang='lat' dir='ltr'>nubes</span> <span class='ocrx_word' id='word_1_121' title='bbox 813 2617 889 2685; x_wconf 93' lang='lat' dir='ltr'>velo</span> <span class='ocrx_word' id='word_1_122' title='bbox 913 2636 1002 2701; x_wconf 92' lang='lat' dir='ltr'>quae</span> <span class='ocrx_word' id='word_1_123' title='bbox 1026 2617 1215 2683; x_wconf 88' lang='lat' dir='ltr'>obduceret</span> <span class='ocrx_word' id='word_1_124' title='bbox 1239 2607 1426 2697; x_wconf 69' lang='lat' dir='ltr'>aethram</span> <span class='ocrx_word' id='word_1_125' title='bbox 1492 2684 1499 2698; x_wconf 35' lang='lat'><strong>¹</strong></span> 
     </span>
     <span class='ocr_line' id='line_1_22' title="bbox 461 2721 1319 2810; baseline 0.001 -22"><span class='ocrx_word' id='word_1_126' title='bbox 461 2722 601 2790; x_wconf 88' lang='lat' dir='ltr'>Lumine</span> <span class='ocrx_word' id='word_1_127' title='bbox 626 2727 661 2790; x_wconf 92' lang='lat' dir='ltr'>et</span> <span class='ocrx_word' id='word_1_128' title='bbox 685 2722 832 2791; x_wconf 82' lang='lat' dir='ltr'>Adriaca</span> <span class='ocrx_word' id='word_1_129' title='bbox 856 2725 991 2791; x_wconf 84' lang='lat' dir='ltr'>excelso</span> <span class='ocrx_word' id='word_1_130' title='bbox 1016 2722 1184 2810; x_wconf 87' lang='lat' dir='ltr'>(mirabile</span> <span class='ocrx_word' id='word_1_131' title='bbox 1210 2721 1282 2789; x_wconf 89' lang='lat' dir='ltr'>visu</span> <span class='ocrx_word' id='word_1_132' title='bbox 1297 2721 1319 2809; x_wconf 85' lang='grc'>1)</span> 
     </span>
     <span class='ocr_line' id='line_1_23' title="bbox 463 2829 1396 2917; baseline -0.002 -20"><span class='ocrx_word' id='word_1_133' title='bbox 463 2829 646 2917; x_wconf 81' lang='lat' dir='ltr'>Spargitur</span> <span class='ocrx_word' id='word_1_134' title='bbox 670 2829 749 2897; x_wconf 94' lang='lat' dir='ltr'>hinc</span> <span class='ocrx_word' id='word_1_135' title='bbox 773 2831 890 2897; x_wconf 88' lang='lat' dir='ltr'>tellus:</span> <span class='ocrx_word' id='word_1_136' title='bbox 917 2831 1036 2898; x_wconf 89' lang='lat' dir='ltr'>videor</span> <span class='ocrx_word' id='word_1_137' title='bbox 1059 2831 1240 2916; x_wconf 83' lang='lat' dir='ltr'>splendere</span> <span class='ocrx_word' id='word_1_138' title='bbox 1266 2831 1396 2896; x_wconf 87' lang='lat' dir='ltr'>beatus.</span> 
     </span>
     <span class='ocr_line' id='line_1_24' title="bbox 461 2935 1453 3025; baseline -0.001 -21"><span class='ocrx_word' id='word_1_139' title='bbox 461 2937 629 3005; x_wconf 81' lang='lat' dir='ltr'>Providus</span> <span class='ocrx_word' id='word_1_140' title='bbox 654 2939 821 3025; x_wconf 90' lang='lat' dir='ltr'>aspicitur</span> <span class='ocrx_word' id='word_1_141' title='bbox 845 2940 944 3006; x_wconf 90' lang='lat' dir='ltr'>Sator</span> <span class='ocrx_word' id='word_1_142' title='bbox 969 2942 1173 3022; x_wconf 78' lang='lat' dir='ltr'>Regumque</span> <span class='ocrx_word' id='word_1_143' title='bbox 1191 2935 1453 3022; x_wconf 91' lang='lat' dir='ltr'>Hominumque,</span> 
     </span>
     <span class='ocr_line' id='line_1_25' title="bbox 462 3045 1297 3133; baseline -0.002 -20"><span class='ocrx_word' id='word_1_144' title='bbox 462 3046 575 3113; x_wconf 80' lang='lat' dir='ltr'>Filius·</span> <span class='ocrx_word' id='word_1_145' title='bbox 590 3047 634 3113; x_wconf 89' lang='lat' dir='ltr'>ad</span> <span class='ocrx_word' id='word_1_146' title='bbox 659 3049 816 3113; x_wconf 82' lang='lat' dir='ltr'>dextram</span> <span class='ocrx_word' id='word_1_147' title='bbox 842 3045 977 3133; x_wconf 92' lang='lat' dir='ltr'>sapiens</span> <span class='ocrx_word' id='word_1_148' title='bbox 1000 3045 1150 3113; x_wconf 89' lang='lat' dir='ltr'>assidere</span> <span class='ocrx_word' id='word_1_149' title='bbox 1175 3045 1297 3111; x_wconf 91' lang='lat' dir='ltr'>Patris.</span> 
     </span>
    </p>

    <p class='ocr_par' dir='ltr' id='par_1_7' title="bbox 462 3143 1543 3561">
     <span class='ocr_line' id='line_1_26' title="bbox 463 3143 1543 3238; baseline -0.001 -19"><span class='ocrx_word' id='word_1_150' title='bbox 463 3143 576 3219; x_wconf 80' lang='lat' dir='ltr'>Laeva</span> <span class='ocrx_word' id='word_1_151' title='bbox 600 3172 739 3220; x_wconf 90' lang='lat' dir='ltr'>crucem</span> <span class='ocrx_word' id='word_1_152' title='bbox 762 3153 915 3238; x_wconf 78' lang='lat' dir='ltr'>stringit,</span> <span class='ocrx_word' id='word_1_153' title='bbox 938 3173 1017 3220; x_wconf 91' lang='lat' dir='ltr'>cum</span> <span class='ocrx_word' id='word_1_154' title='bbox 1034 3155 1137 3219; x_wconf 90' lang='lat' dir='ltr'>Patre</span> <span class='ocrx_word' id='word_1_155' title='bbox 1154 3156 1189 3218; x_wconf 93' lang='lat' dir='ltr'>et</span> <span class='ocrx_word' id='word_1_156' title='bbox 1205 3153 1351 3219; x_wconf 83' lang='lat' dir='ltr'>dextera</span> <span class='ocrx_word' id='word_1_157' title='bbox 1367 3154 1543 3235; x_wconf 86' lang='lat' dir='ltr'>mundum,</span> 
     </span>
     <span class='ocr_line' id='line_1_27' title="bbox 462 3255 1395 3346; baseline -0.001 -21"><span class='ocrx_word' id='word_1_158' title='bbox 462 3260 575 3345; x_wconf 83' lang='lat' dir='ltr'>Atque</span> <span class='ocrx_word' id='word_1_159' title='bbox 599 3262 758 3328; x_wconf 89' lang='lat' dir='ltr'>columba</span> <span class='ocrx_word' id='word_1_160' title='bbox 780 3279 885 3346; x_wconf 89' lang='lat' dir='ltr'>super</span> <span class='ocrx_word' id='word_1_161' title='bbox 909 3259 1024 3327; x_wconf 92' lang='lat' dir='ltr'>radios</span> <span class='ocrx_word' id='word_1_162' title='bbox 1048 3255 1243 3327; x_wconf 89' lang='lat' dir='ltr'>discrimine</span> <span class='ocrx_word' id='word_1_163' title='bbox 1269 3259 1395 3340; x_wconf 88' lang='lat' dir='ltr'>nullo,&#39;</span> 
     </span>
     <span class='ocr_line' id='line_1_28' title="bbox 462 3365 1463 3454; baseline 0 -20"><span class='ocrx_word' id='word_1_164' title='bbox 462 3367 565 3445; x_wconf 80' lang='lat' dir='ltr'>Queis</span> <span class='ocrx_word' id='word_1_165' title='bbox 587 3368 743 3450; x_wconf 85' lang='lat' dir='ltr'>Genitor,</span> <span class='ocrx_word' id='word_1_166' title='bbox 766 3368 975 3454; x_wconf 86' lang='lat' dir='ltr'>Genitusque</span> <span class='ocrx_word' id='word_1_167' title='bbox 1000 3367 1117 3449; x_wconf 90' lang='lat' dir='ltr'>micat,</span> <span class='ocrx_word' id='word_1_168' title='bbox 1140 3366 1280 3453; x_wconf 90' lang='lat' dir='ltr'>copiosa</span> <span class='ocrx_word' id='word_1_169' title='bbox 1303 3365 1463 3449; x_wconf 87' lang='lat' dir='ltr'>remittit,</span> 
     </span>
     <span class='ocr_line' id='line_1_29' title="bbox 464 3471 1342 3561; baseline -0.003 -20"><span class='ocrx_word' id='word_1_170' title='bbox 464 3478 506 3542; x_wconf 82' lang='grc'>111</span> <span class='ocrx_word' id='word_1_171' title='bbox 528 3494 632 3561; x_wconf 90' lang='lat' dir='ltr'>super</span> <span class='ocrx_word' id='word_1_172' title='bbox 656 3475 810 3542; x_wconf 90' lang='lat' dir='ltr'>assidunt</span> <span class='ocrx_word' id='word_1_173' title='bbox 833 3476 958 3542; x_wconf 88' lang='lat' dir='ltr'>nebula</span> <span class='ocrx_word' id='word_1_174' title='bbox 980 3471 1155 3560; x_wconf 79' lang='lat' dir='ltr'>gravitate</span> <span class='ocrx_word' id='word_1_175' title='bbox 1180 3478 1342 3541; x_wconf 89' lang='lat' dir='ltr'>carente:</span> 
     </span>
    </p>

    <p class='ocr_par' dir='ltr' id='par_1_8' title="bbox 464 3584 1314 3778">
     <span class='ocr_line' id='line_1_30' title="bbox 464 3584 1314 3670; baseline 0 -22"><span class='ocrx_word' id='word_1_176' title='bbox 464 3585 544 3649; x_wconf 89' lang='lat' dir='ltr'>Esse</span> <span class='ocrx_word' id='word_1_177' title='bbox 569 3587 670 3670; x_wconf 88' lang='lat' dir='ltr'>putas</span> <span class='ocrx_word' id='word_1_178' title='bbox 694 3585 812 3665; x_wconf 72' lang='lat' dir='ltr'>nubes</span> <span class='ocrx_word' id='word_1_179' title='bbox 836 3584 940 3650; x_wconf 91' lang='lat' dir='ltr'>velles</span> <span class='ocrx_word' id='word_1_180' title='bbox 964 3584 998 3649; x_wconf 94' lang='lat' dir='ltr'>ni</span> <span class='ocrx_word' id='word_1_181' title='bbox 1022 3585 1165 3650; x_wconf 89' lang='lat' dir='ltr'>credere</span> <span class='ocrx_word' id='word_1_182' title='bbox 1191 3584 1314 3651; x_wconf 84' lang='lat' dir='ltr'>Solem.</span> 
     </span>
     <span class='ocr_line' id='line_1_31' title="bbox 464 3686 1300 3778; baseline 0.001 -20"><span class='ocrx_word' id='word_1_183' title='bbox 464 3686 612 3758; x_wconf 86' lang='lat' dir='ltr'>Parvula</span> <span class='ocrx_word' id='word_1_184' title='bbox 636 3690 684 3758; x_wconf 90' lang='lat' dir='ltr'>sic</span> <span class='ocrx_word' id='word_1_185' title='bbox 709 3693 815 3759; x_wconf 84' lang='lat' dir='ltr'>nubes</span> <span class='ocrx_word' id='word_1_186' title='bbox 838 3693 934 3758; x_wconf 88' lang='lat' dir='ltr'>coelo</span> <span class='ocrx_word' id='word_1_187' title='bbox 959 3695 1144 3778; x_wconf 90' lang='lat' dir='ltr'>conspecta</span> <span class='ocrx_word' id='word_1_188' title='bbox 1167 3709 1300 3775; x_wconf 89' lang='lat' dir='ltr'>sereno,</span> 
     </span>
    </p>

    <p class='ocr_par' dir='ltr' id='par_1_9' title="bbox 464 3797 1390 4421">
     <span class='ocr_line' id='line_1_32' title="bbox 464 3797 1322 3879; baseline -0.002 -13"><span class='ocrx_word' id='word_1_189' title='bbox 464 3801 571 3876; x_wconf 82' lang='lat' dir='ltr'>Quam</span> <span class='ocrx_word' id='word_1_190' title='bbox 595 3797 623 3864; x_wconf 94' lang='lat' dir='ltr'>si</span> <span class='ocrx_word' id='word_1_191' title='bbox 647 3801 737 3866; x_wconf 89' lang='lat' dir='ltr'>l&#39;orte</span> <span class='ocrx_word' id='word_1_192' title='bbox 761 3798 831 3865; x_wconf 93' lang='lat' dir='ltr'>suis</span> <span class='ocrx_word' id='word_1_193' title='bbox 854 3797 960 3865; x_wconf 91' lang='lat' dir='ltr'>radiis</span> <span class='ocrx_word' id='word_1_194' title='bbox 984 3802 1038 3867; x_wconf 87' lang='lat' dir='ltr'>Sol</span> <span class='ocrx_word' id='word_1_195' title='bbox 1062 3799 1197 3866; x_wconf 88' lang='lat' dir='ltr'>imbuat</span> <span class='ocrx_word' id='word_1_196' title='bbox 1221 3800 1322 3879; x_wconf 80' lang='lat' dir='ltr'>altuS,</span> 
     </span>
     <span class='ocr_line' id='line_1_33' title="bbox 465 3905 1376 3987; baseline -0.004 -14"><span class='ocrx_word' id='word_1_197' title='bbox 465 3905 624 3973; x_wconf 84' lang='lat' dir='ltr'>Creditur</span> <span class='ocrx_word' id='word_1_198' title='bbox 648 3907 739 3972; x_wconf 85' lang='lat' dir='ltr'>haud</span> <span class='ocrx_word' id='word_1_199' title='bbox 763 3907 880 3987; x_wconf 88' lang='lat' dir='ltr'>nubes,</span> <span class='ocrx_word' id='word_1_200' title='bbox 904 3905 994 3973; x_wconf 89' lang='lat' dir='ltr'>idem</span> <span class='ocrx_word' id='word_1_201' title='bbox 1019 3908 1080 3973; x_wconf 87' lang='lat' dir='ltr'>sed</span> <span class='ocrx_word' id='word_1_202' title='bbox 1105 3905 1231 3973; x_wconf 93' lang='lat' dir='ltr'>lumine</span> <span class='ocrx_word' id='word_1_203' title='bbox 1257 3905 1376 3972; x_wconf 90' lang='lat' dir='ltr'>Titan:</span> 
     </span>
     <span class='ocr_line' id='line_1_34' title="bbox 465 4012 1308 4100; baseline 0 -22"><span class='ocrx_word' id='word_1_204' title='bbox 465 4016 559 4080; x_wconf 93' lang='lat' dir='ltr'>Haec</span> <span class='ocrx_word' id='word_1_205' title='bbox 582 4012 716 4100; x_wconf 84' lang='lat' dir='ltr'>pariter</span> <span class='ocrx_word' id='word_1_206' title='bbox 740 4016 813 4080; x_wconf 90' lang='lat' dir='ltr'>toto</span> <span class='ocrx_word' id='word_1_207' title='bbox 837 4016 1025 4099; x_wconf 78' lang='lat' dir='ltr'>spargebat</span> <span class='ocrx_word' id='word_1_208' title='bbox 1048 4013 1177 4080; x_wconf 90' lang='lat' dir='ltr'>lumina</span> <span class='ocrx_word' id='word_1_209' title='bbox 1200 4014 1308 4080; x_wconf 87' lang='lat' dir='ltr'>coelo.</span> 
     </span>
     <span class='ocr_line' id='line_1_35' title="bbox 465 4119 1367 4207; baseline -0.001 -21"><span class='ocrx_word' id='word_1_210' title='bbox 465 4121 594 4205; x_wconf 81' lang='lat' dir='ltr'>Fulgor</span> <span class='ocrx_word' id='word_1_211' title='bbox 618 4121 727 4201; x_wconf 87' lang='lat' dir='ltr'>adest,</span> <span class='ocrx_word' id='word_1_212' title='bbox 750 4125 925 4204; x_wconf 89' lang='lat' dir='ltr'>nequeunt</span> <span class='ocrx_word' id='word_1_213' title='bbox 948 4119 1038 4188; x_wconf 92' lang='lat' dir='ltr'>oculi</span> <span class='ocrx_word' id='word_1_214' title='bbox 1062 4119 1246 4207; x_wconf 91' lang='lat' dir='ltr'>persistere</span> <span class='ocrx_word' id='word_1_215' title='bbox 1273 4119 1367 4186; x_wconf 92' lang='lat' dir='ltr'>visu:</span> 
     </span>
     <span class='ocr_line' id='line_1_36' title="bbox 466 4225 1390 4313; baseline 0.002 -20"><span class='ocrx_word' id='word_1_216' title='bbox 466 4231 540 4294; x_wconf 84' lang='lat' dir='ltr'>Jarn</span> <span class='ocrx_word' id='word_1_217' title='bbox 566 4225 622 4293; x_wconf 86' lang='lat' dir='ltr'>vix</span> <span class='ocrx_word' id='word_1_218' title='bbox 646 4229 748 4295; x_wconf 86' lang='lat' dir='ltr'>turba</span> <span class='ocrx_word' id='word_1_219' title='bbox 771 4231 896 4313; x_wconf 88' lang='lat' dir='ltr'>potest,</span> <span class='ocrx_word' id='word_1_220' title='bbox 920 4227 1004 4295; x_wconf 89' lang='lat' dir='ltr'>solio</span> <span class='ocrx_word' id='word_1_221' title='bbox 1027 4238 1115 4313; x_wconf 87' lang='lat' dir='ltr'>quae</span> <span class='ocrx_word' id='word_1_222' title='bbox 1141 4226 1295 4294; x_wconf 90' lang='lat' dir='ltr'>Numinis</span> <span class='ocrx_word' id='word_1_223' title='bbox 1319 4229 1390 4295; x_wconf 91' lang='lat' dir='ltr'>alto</span> 
     </span>
     <span class='ocr_line' id='line_1_37' title="bbox 466 4333 1365 4421; baseline 0.001 -22"><span class='ocrx_word' id='word_1_224' title='bbox 466 4335 633 4418; x_wconf 74' lang='lat' dir='ltr'>angelica</span> <span class='ocrx_word' id='word_1_225' title='bbox 656 4333 798 4401; x_wconf 88' lang='lat' dir='ltr'>inservit</span> <span class='ocrx_word' id='word_1_226' title='bbox 823 4354 1003 4403; x_wconf 90' lang='lat' dir='ltr'>numeroso</span> <span class='ocrx_word' id='word_1_227' title='bbox 1028 4355 1071 4403; x_wconf 87' lang='lat' dir='ltr'>ex</span> <span class='ocrx_word' id='word_1_228' title='bbox 1096 4335 1215 4404; x_wconf 88' lang='lat' dir='ltr'>ordine</span> <span class='ocrx_word' id='word_1_229' title='bbox 1233 4333 1365 4421; x_wconf 86' lang='lat' dir='ltr'>prima:</span> 
     </span>
    </p>
   </div>
   <div class='ocr_carea' id='block_1_3' title="bbox 0 0 1706 5362">
    <p class='ocr_par' dir='ltr' id='par_1_10' title="bbox 0 0 1706 5362">
     <span class='ocr_line' id='line_1_38' title="bbox 0 0 1706 5362; baseline 0 0"><span class='ocrx_word' id='word_1_230' title='bbox 0 0 1706 5362; x_wconf 95' lang='lat' dir='ltr'> </span> 
     </span>
    </p>
   </div>
  </div>
 </body>
</html>
