3382 5362
740 355 919 420 ..70-

312 496 594 583 Sacrilegumque
618 501 713 565 nelos
736 497 878 583 quaevis
902 501 956 565 vel
979 501 1145 585 sanguine
1169 505 1334 587 gaudens,

310 608 463 674 Barbara
488 609 540 674 vel
564 609 663 674 tellus
686 609 777 675 baud
801 628 926 695 expers
950 629 1023 677 esse
1047 615 1192 698 putabat

309 715 503 802 supplicio:
529 717 677 783 ultorem
701 718 859 798 Martem,
883 719 937 784 rol
961 719 1102 785 Pallada
1126 720 1234 788 linxit.

310 826 425 890 Nonne
451 831 546 890 tuum
570 824 675 891 sensit
698 824 854 892 crudelia
879 829 1024 893 verbera
1047 847 1184 916 corpus,

309 931 505 1013 Heliodoro,
528 931 651 1017 quibus
674 931 761 998 coeli
786 932 954 1000 demissus
977 937 1022 1001 ab
1045 955 1126 1005 arce

310 1040 462 1124 Angelus
485 1038 655 1126 oppressit
678 1041 849 1125 Solymeis
874 1042 1108 1128 templumque
1133 1051 1322 1132 petentem,

310 1152 356 1217 Vt
379 1167 523 1237 raperes
545 1150 637 1217 l'urto
662 1168 828 1229 nummos,
852 1158 886 1215 et
911 1168 992 1217 vasa
1015 1152 1191 1221 scelesto?

310 1258 417 1338 Eheu,
439 1257 521 1323 dum
545 1255 695 1338 memini,
718 1259 849 1340 Patres,
872 1276 983 1342 pavor
1007 1266 1156 1346 occupat
1181 1266 1288 1345 artus,

310 1368 352 1432 Et
375 1362 510 1450 gelidus
533 1382 596 1450 per
620 1364 774 1431 membra
797 1363 866 1431 coit
889 1364 1071 1434 formidine
1096 1369 1256 1455 sanguis!

308 1471 447 1560 Aspicio
467 1470 682 1556 juvenesque
705 1489 870 1557 senesque
893 1474 1060 1542 recedere
1084 1483 1181 1546 recto

308 1579 470 1661 Tramite,
492 1579 618 1646 lascive
643 1584 678 1646 et
702 1598 814 1647 mores
838 1579 968 1649 violare
994 1588 1159 1668 vetustos

309 1692 478 1778 Spernere
498 1686 671 1774 justitiam
696 1689 848 1773 exleges
872 1695 907 1757 et
932 1694 1086 1760 temnere
1112 1695 1254 1763 Numen.
1303 1744 1305 1749 ·

310 1796 431 1867 Mutati
456 1814 569 1864 mores
591 1802 719 1865 sortem
744 1802 881 1863 vertere
905 1798 1091 1867 laventem.

310 1906 526 1993 Relligioque
550 1925 649 1975 sacra
672 1910 735 1989 est,
759 1907 886 1974 nodosa
911 1914 947 1974 ut
972 1908 1108 1978 vincula
1130 1914 1311 1998 quaedam,

201 2023 206 2031 '
310 2015 436 2086 Ordine
460 2033 549 2101 quae
573 2018 698 2082 cuncta
721 2015 785 2082 boc
808 2015 960 2083 annectit
984 2015 1019 2083 in
1042 2020 1127 2087 orbe
1150 2022 1329 2108 stupende.

309 2128 463 2194 Annulus
486 2123 661 2207 atteritur,
684 2142 852 2211 praeceps
875 2124 1072 2194 dissolvitur
1096 2129 1191 2198 ordo.

312 2237 406 2302 Neve
429 2253 550 2301 manus
574 2232 681 2318 igitur
704 2232 841 2320 templis
864 2233 1038 2303 immittite
1063 2240 1205 2322 vestrae,

311 2346 472 2429 Quaeque
489 2347 595 2410 lleum
612 2341 790 2410 bominum
806 2349 962 2426 noscunt,
978 2345 1067 2411 baud
1090 2349 1217 2416 audeat
1241 2368 1389 2436 unquam

310 2457 467 2537 Tangere
492 2453 617 2518 dextra
639 2469 759 2537 rapax,
783 2450 936 2535 aliosque
960 2451 1134 2522 invertere
1160 2455 1196 2522 in
1220 2476 1310 2525 usus

312 2562 412 2631 nives
435 2562 547 2630 adbuc
570 2565 638 2628 stat
662 2580 765 2648 opum
790 2563 956 2649 populosa
978 2563 1081 2650 copia
1104 2565 1139 2632 in
1164 2569 1281 2636 Vrbe:

311 2671 446 2740 Poscite
467 2670 543 2757 jam
567 2671 660 2738 cives
683 2671 824 2738 decreto
849 2672 989 2740 loenore
1015 2694 1182 2744 nummos.

310 2783 379 2848 Aut
404 2778 537 2867 patriae
562 2798 622 2847 nos
646 2776 812 2865 partitum
837 2781 1071 2866 expendamus
1095 2788 1250 2854 amantes

309 2889 455 2973 Argenti
478 2888 622 2973 pondus,
645 2904 701 2953 res
724 2905 791 2971 quo
815 2885 938 2953 fulcire
961 2887 1128 2958 labantes.

311 2997 396 3062 Tum
419 2991 576 3062 fremitus
600 2993 747 3060 reboans
764 2991 919 3071 ‚mediam
942 3011 978 3061 se
1003 2995 1096 3064 ierre
1120 3016 1184 3084 per
1207 3002 1324 3069 aulam

310 3101 458 3170 Auditur
483 3101 586 3169 tacite
610 3099 754 3183 circum,
778 3104 812 3168 et
836 3101 930 3169 serus
954 3104 1058 3171 arder
1082 3105 1230 3175 habendi

309 3213 459 3281 Pectora
482 3210 720 3295 constringens
742 3208 870 3278 dicenti
895 3212 1001 3277 verba
1024 3214 1178 3298 negavit,

312 3324 354 3390 Et
378 3325 473 3389 vetat
496 3320 632 3388 afflictis
656 3319 790 3408 patriae
814 3340 1018 3389 succurrere
1043 3326 1155 3392 rebus

311 3427 398 3498 Hinc
423 3427 540 3496 videas
563 3447 746 3495 numerare
770 3427 834 3496 sibi
858 3429 1025 3514 suffragia
1048 3450 1195 3517 pravum

312 3542 484 3626 Prospera
506 3537 689 3624 Battajam.
715 3538 802 3616 Quid
827 3558 930 3626 opum
957 3559 1083 3608 vesana
1106 3544 1244 3631 cupido,

311 3647 399 3726 Quid
422 3665 488 3715 11011
513 3645 671 3733 impietas
694 3645 853 3713 mortalia
878 3656 1021 3733 pectora
1045 3650 1167 3735 cogita

313 3754 477 3842 Abriptur
503 3754 638 3840 templis
661 3773 806 3840 aurum3
831 3759 934 3838 atque
959 3762 1128 3840 argentea
1151 3778 1250 3829 sacre

313 3865 407 3933 Vasa
429 3862 617 3931 ministerio
641 3874 724 3949 apta
737 3885 745 3948 3
769 3883 833 3930 nec
857 3863 917 3929 ulli
941 3866 1088 3933 barbara
1111 3869 1225 3954 parcit

314 3971 475 4060 Impietas
499 3970 608 4058 operi,
632 3969 781 4057 pretium
805 3972 895 4056 quod
920 3971 1095 4040 vinceret:
1121 3976 1218 4044 uncis

315 4083 484 4168 llaptatur
508 4078 683 4145 manilms:
708 4077 819 4147 subito
842 4078 878 4144 in
902 4080 1078 4148 labrilibus
1102 4083 1210 4150 antris

315 4188 378 4255 Hic
402 4191 560 4254 numerat
583 4189 704 4253 corbes
727 4186 869 4272 pretiosi
893 4188 1075 4273 ponderis:
1100 4191 1188 4258 alter

315 4298 403 4381 Quot
426 4294 521 4364 libris
544 4306 695 4382 superet,
719 4300 893 4362 scrutatur
917 4297 1014 4365 lance
1037 4299 1236 4370 metallum:
