3382 5362
862 401 1042 466 ..96-

428 549 578 630 Juraque
602 563 815 630 componam.
840 545 872 612 Si
898 566 1015 632 pacem
1042 546 1217 632 miseritis,
1241 565 1391 632 unquam

430 653 529 721 Pacis
553 653 618 721 erit
642 672 718 738 spes
742 654 855 720 nulla:
881 656 998 722 modos
1022 662 1056 721 ot
1080 655 1220 721 foedera
1243 672 1389 740 sperno:

429 765 504 828 darn
530 760 629 828 nimis
653 759 833 847 imperium
859 764 1027 846 longaeva
1050 767 1165 831 aetate
1188 765 1335 843 laborat,

431 873 576 937 Corruat
599 869 633 936 in
658 869 812 953 nihilum,
835 890 952 938 casum
976 890 1054 938 naut
1079 872 1152 938 fata
1176 870 1358 938 minantur.
1399 919 1410 942 .

431 979 610 1065 hnprobus
634 978 689 1045 hic
712 977 853 1065 cupiens
877 978 962 1046 alias
984 986 1187 1066 praetexere
1205 998 1337 1060 causas,

433 1088 474 1152 Et
498 1085 652 1170 reperire
677 1085 767 1152 viam
792 1085 889 1153 uobis
911 1106 1126 1172 (planumque
1151 1086 1295 1155 nocendi

433 1195 499 1277 Cur
524 1195 655 1272 Patres,
679 1192 740 1273 ait,
763 1192 898 1278 imperii
924 1195 1146 1261 moderantur
1169 1195 1330 1275 habenas,
1435 1262 1440 1268 ,

433 1302 591 1380 Ournam,
614 1318 700 1384 qrros
723 1298 849 1365 retinet
871 1301 984 1367 claros
1007 1301 1220 1368 contermina
1242 1307 1338 1367 terra

433 1407 616 1474 Nobilitate
640 1405 743 1473 Viros
767 1407 880 1473 Patris
903 1409 1101 1494 depungitis
1125 1411 1228 1478 albo?

432 1519 498 1584 Cur
521 1536 639 1585 servos
662 1516 817 1584 retinetis
840 1518 978 1585 adhuc?
1002 1519 1148 1586 habeant
1172 1519 1273 1586 modo
1298 1520 1458 1599 tumores,

434 1626 547 1705 Curia,
572 1629 754 1711 vestraque
777 1624 827 1691 eis
850 1630 968 1710 pateat
992 1646 1126 1712 quoque
1150 1647 1306 1714 purpura
1329 1625 1453 1710 dignis.

432 1738 486 1803 Ad
510 1737 596 1804 haec
620 1736 797 1804 effundens
819 1739 969 1804 Donatus
993 1742 1134 1825 pectore
1160 1757 1291 1821 vocem,

434 1846 564 1926 Nonne,
586 1844 646 1926 ait,
669 1848 704 1911 et
727 1843 851 1912 Boriua
875 1845 1007 1928 domus
1031 1847 1244 1932 cassellaque
1268 1848 1395 1931 Magno

433 1951 582 2020 donciho
606 1949 802 2039 conscripta
826 1951 955 2019 recenti
980 1953 1045 2020 hoc
1069 1953 1249 2040 tempore?
1273 1953 1406 2022 cunctis

434 2059 608 2128 Nobilibus
632 2064 716 2145 toga
739 2078 851 2127 nonne
877 2061 998 2147 patet?
1023 2061 1079 2128 via
1102 2081 1237 2148 semper
1260 2067 1393 2148 aperta.

433 2167 586 2236 Succinis
609 2169 785 2251 ambages,
808 2187 888 2234 curn
911 2167 1023 2236 absint
1047 2169 1108 2236 tibi
1129 2168 1213 2256 jura
1236 2169 1393 2252 nocendi,

435 2273 650 2361 an'ustasque
674 2274 769 2342 camis
793 2281 931 2343 versuto
955 2276 1059 2343 corde
1083 2278 1262 2362 querelas:

433 2382 515 2459 Quis
537 2382 602 2450 suit
627 2383 805 2450 horrentes
827 2382 959 2469 primus
982 2384 1041 2469 qui
1065 2383 1209 2470 protulit
1233 2403 1329 2451 enses

435 2494 471 2556 In
506 2491 682 2557 Venetos?
706 2491 856 2575 pudeat!
882 2490 958 2576 quis
982 2490 1114 2577 primus
1139 2510 1222 2559 voce
1246 2494 1393 2560 nel'anda

434 2597 515 2675 Quis
538 2597 702 2665 clamavit
726 2597 759 2664 io
784 2597 965 2665 Libertas?
989 2597 1106 2666 dicito.
1130 2601 1247 2666 Nonne

434 2704 597 2770 Lecchius
620 2704 676 2771 ille
701 2705 811 2789 niger,
835 2705 989 2790 sequitur
1012 2723 1113 2790 (luem
1137 2726 1247 2792 prava
1270 2712 1412 2776 caterva

432 2811 608 2879 Horrisoui
635 2812 764 2898 populi,
790 2812 902 2900 potuit
925 2832 1029 2898 qumn
1053 2815 1206 2900 perfidus
1229 2824 1304 2883 arte

434 2921 565 2985 Fallere
589 2920 723 3005 pellaci,
747 2924 850 3004 atque
874 2924 913 2986 ut
936 2921 1017 2986 laeti
1043 2921 1172 2990 vertice
1197 2922 1294 2990 collis

434 3032 639 3110 Bergomum
664 3029 707 3093 ab
731 3029 865 3095 excelso
890 3028 1101 3096 exundantia
1124 3030 1289 3097 messibus
1311 3048 1397 3098 arva

437 3134 572 3220 Cernit3
596 3133 645 3200 ita
669 3135 868 3202 horrescens
892 3137 1059 3202 undantes
1082 3137 1218 3205 ensibus
1241 3157 1358 3208 ornnes

436 3248 472 3310 ln
496 3263 558 3310 sua
582 3244 706 3309 damna
730 3245 821 3312 locos
844 3243 1016 3312 minitanti
1040 3245 1181 3333 cuspide
1205 3240 1317 3314 saevis

435 3350 617 3437 Ingemuit,
640 3350 799 3436 civesque
823 3371 901 3418 suos
925 3351 1035 3420 odisse
1060 3358 1219 3421 coactum
1241 3355 1319 3421 est?

436 3461 485 3525 An
512 3461 606 3540 latet,
630 3468 786 3526 emerunt
810 3462 900 3544 quod
925 3461 999 3526 fuso
1025 3460 1172 3546 turpiter
1196 3479 1281 3528 auro

437 3565 697 3650 Francigenae?
720 3572 892 3652 nequeunt
916 3586 1066 3653 unquam
1090 3566 1268 3635 mendacia
1291 3568 1402 3637 condi.

436 3678 528 3741 Tunc
552 3675 603 3739 ais
626 3678 660 3739 et
684 3675 789 3759 leges,
814 3677 1018 3762 populorum
1041 3680 1076 3743 et
1095 3675 1180 3762 jura
1203 3673 1318 3743 tueri?

436 3785 502 3849 Gur
527 3781 635 3865 igitur
660 3781 769 3848 tendis
793 3784 885 3865 leges
909 3801 999 3848 nunc
1022 3781 1185 3867 frangere
1210 3786 1355 3865 nostras,

436 3894 531 3958 Nunc
555 3895 589 3958 et
613 3894 656 3958 ab
681 3891 824 3978 imperio
849 3893 992 3978 populos
1015 3895 1185 3976 avertere,
1208 3893 1320 3960 fidosl

436 3997 619 4083 Impatiens
645 3999 727 4079 veri,
751 3997 949 4084 coeptisque
972 3997 1177 4067 immanibus
1199 4000 1328 4067 audens

438 4104 619 4172 Consilium
645 4107 784 4174 volvens
807 4125 974 4191 praeceps
997 4107 1042 4172 ad
1065 4107 1181 4174 castra
1203 4107 1360 4193 tetendit,

435 4213 546 4296 htque
572 4211 739 4278 locuturis
762 4216 937 4298 Bonapars
960 4200 1117 4279 discessit
1139 4213 1184 4279 ab
1208 4212 1286 4299 illis,

435 4319 481 4384 Vt
506 4318 627 4385 volitat
651 4318 792 4385 rutilum
816 4317 964 4385 stridens
988 4338 1050 4407 per
1073 4319 1215 4387 aethera
1237 4321 1377 4389 hdruen.
