3382 5362
651 445 829 514 ...63-

222 586 412 668 Testamur‚
435 606 620 674 numquam
644 589 816 657 fracturos
840 589 981 658 foedera
1004 595 1156 679 pravos?

222 693 335 761 Defuit
359 713 446 761 anne
470 696 555 764 fides
578 699 754 782 unquam?
778 698 953 766 variabilis
975 720 1062 766 anne

221 803 308 868 Ante
333 801 398 869 suit
423 803 520 869 visal
544 807 579 870 et
602 806 758 889 quamvis
781 806 921 873 fortuna
944 807 1078 876 ferebat

220 911 326 977 Arma
349 913 479 995 favens,
502 913 690 980 dubitanda
713 913 804 980 funt
826 915 909 1000 quid
934 919 968 982 et
992 916 1139 1002 amplius
1161 917 1226 1004 ipsi

221 1023 403 1104 Quaeritis
426 1028 464 1091 ut
488 1025 551 1090 tuti
577 1029 680 1110 pacto
704 1025 819 1091 fidatis
842 1025 979 1093 amico?

221 1129 401 1198 Austriac'»
426 1135 559 1198 tantum
584 1133 672 1215 Regi
697 1151 758 1199 nos
782 1133 871 1199 bella
896 1151 1082 1217 movemus,

222 1241 326 1323 Inque
350 1238 445 1305 illum
469 1243 621 1307 nostram
645 1240 776 1308 rabiem
800 1241 1010 1327 profundere
1034 1261 1139 1310 curae
1164 1247 1225 1312 est.

221 1346 293 1414 Hoc
318 1365 415 1433 opus
438 1351 474 1414 et
498 1349 594 1416 labor
618 1349 685 1430 hic,
709 1352 833 1433 regnet
857 1368 923 1416 non
948 1350 1095 1436 amplius
1118 1350 1187 1433 ille,

121 1532 126 1538 .
220 1456 328 1530 Quam
352 1458 458 1536 tenet,
483 1455 601 1523 ltaliae
624 1455 659 1522 in
683 1461 830 1543 partem,
854 1461 957 1543 atque
982 1457 1173 1526 valentibus
1196 1458 1302 1526 armis

222 1564 405 1644 Concedat,
429 1582 493 1631 nec
518 1564 629 1632 adhuc
653 1584 714 1633 nos
736 1566 835 1650 bello,
860 1570 895 1632 et
918 1565 1039 1632 fraude
1063 1566 1219 1634 lacessat.
1300 1558 1301 1561 '

223 1672 264 1738 Se
288 1671 413 1740 nostris
437 1674 581 1752 lineae,
604 1671 630 1737 si
657 1690 717 1740 vos
740 1672 956 1755 concurritis,
979 1672 1084 1739 armis

223 1778 439 1865 AdJ'ungent,
461 1782 645 1847 nectentur
670 1779 718 1846 eis
741 1799 877 1866 quoque
902 1781 1043 1848 loedere
1066 1780 1186 1850 stricto

223 1887 376 1975 Hispani,
399 1887 497 1973 queis
520 1890 625 1955 robur
649 1887 737 1956 inest
760 1909 803 1956 ex
827 1889 993 1974 sanguiue
1018 1888 1142 1975 prisco.

222 1995 406 2078 Consulite,
430 1999 464 2062 et
489 2016 550 2064 vos
573 1996 723 2063 satorum
748 1996 945 2065 concurrite
970 1996 1096 2063 cursui.

221 2106 289 2171 Pro
312 2102 445 2171 meritis
468 2104 572 2169 Italas
596 2103 691 2171 vobis
715 2105 915 2171 donabimus
939 2107 1058 2172 urbes:

222 2214 290 2279 Sub
310 2211 401 2297 juga
424 2214 541 2280 nostra
564 2213 707 2279 cadent:
732 2213 861 2279 multae
885 2212 1043 2279 cecidere
1067 2214 1236 2278 recenter.

222 2324 351 2387 Forsan
375 2324 409 2386 et
433 2317 600 2385 auxilium
625 2319 729 2385 Gallis
751 2323 944 2405 praestasse
965 2318 1113 2405 juvabit.
1206 2341 1208 2346 ·

223 2427 330 2495 Adria
353 2428 412 2494 sed
436 2445 621 2511 numquam
647 2431 742 2494 recto
766 2429 809 2494 de
834 2427 972 2494 tramite
996 2429 1134 2494 flectens

223 2535 392 2618 Justitiae,
416 2553 585 2619 generosa
608 2538 725 2619 negat,
748 2535 915 2622 promissa
939 2536 1102 2621 repulsat.

223 2647 296 2712 Non
320 2646 456 2711 assueta
480 2644 558 2710 dolo
582 2645 726 2729 populos
749 2643 963 2724 submittere,
987 2640 1073 2707 vidit

174 2777 178 2787 ·
223 2753 349 2839 Sponte
369 2750 459 2836 jugo
484 2750 597 2836 potius
620 2755 762 2818 cunctos
785 2769 821 2817 se
845 2752 972 2816 dedere
997 2747 1100 2815 dulci.

223 2863 265 2927 Et
289 2861 451 2927 contenta
473 2858 538 2939 sui,
561 2859 717 2942 quamvis
743 2863 839 2925 terna
862 2876 1017 2952 aequora
1039 2854 1169 2922 circum

223 2966 370 3053 Imperio
394 2967 463 3032 late
487 2965 697 3045 moderetur,
722 2970 757 3032 et
781 2966 910 3051 inclyta
933 2963 1038 3031 tantis

222 3074 363 3142 Viribus
387 3073 461 3160 ipsa
484 3073 564 3157 suis,
588 3074 686 3158 queis
708 3077 883 3141 tutaretur
908 3075 1054 3158 adepta3

223 3181 351 3250 Abnuit
374 3182 507 3249 oblatos
529 3179 632 3247 toties
655 3179 798 3248 immota
821 3181 1031 3264 animosque,

223 3288 479 3374 Virtutemque‚
503 3288 673 3373 iidemque
697 3286 772 3369 sibi,
795 3306 863 3372 qua
887 3286 1061 3354 exercitus
1084 3288 1182 3371 optat

223 3396 367 3465 Galliam
391 3399 583 3480 utramque,
607 3394 670 3461 luit
693 3395 823 3481 rapidis
845 3415 948 3480 quam
973 3392 1129 3461 turbidus
1152 3391 1261 3459 amnis

223 3504 332 3571 Vndis
355 3504 535 3586 Eridanus,
559 3506 674 3571 nostro
699 3504 914 3589 conjungere
939 3521 1066 3587 regno:

223 3613 335 3697 Atque
361 3614 524 3679 Oratores
547 3610 674 3677 Adriae
694 3611 778 3696 jura
802 3630 913 3695 aequa
936 3613 1116 3696 stupentes

223 3718 363 3787 Demisit
386 3718 635 3804 necquidquam
660 3722 762 3786 urbes
786 3725 821 3786 et
845 3739 955 3804 regna
980 3719 1155 3786 dicantes:

223 3827 310 3904 Quid
333 3845 519 3895 memorem
546 3828 696 3892 Laudem
720 3827 935 3914 Pompejam
958 3832 1060 3912 teque
1085 3825 1250 3907 Ticinum,

224 3936 317 4011 Quae
341 3937 476 4019 Regum
502 3933 622 4001 ltaliae
645 3935 762 4002 fueras
785 3936 1012 4003 celeberrima
1035 3936 1158 4001 sedes?

223 4041 310 4119 Quid
334 4062 520 4109 memorem
546 4046 649 4127 atque
674 4045 802 4129 Apulos
819 4044 1012 4128 iterumque
1029 4043 1223 4127 iterumque
1241 4062 1305 4109 ne-

223 4151 340 4219 Nonne
354 4154 459 4235 negat
471 4150 589 4235 regnis
598 4151 1013 4237 te,opulentaPlacentia,
1022 4155 1136 4236 teque,
1182 4153 1305 4234 gatos?

224 4257 383 4339 Palladis,
407 4262 442 4325 et
466 4258 594 4325 Phoebi
618 4260 772 4326 studiosa
795 4260 945 4327 Bononia
969 4258 1106 4340 cultrix,

225 4366 360 4432 Addere
384 4369 419 4432 et
443 4365 517 4451 ipsa
540 4365 620 4447 suis,
645 4370 680 4432 et
703 4370 748 4447 te,
773 4367 949 4433 Trinacria
973 4370 1084 4450 tellus,
