3382 5362
733 375 932 441 -124-

317 523 401 586 Jura
424 521 574 603 negant:
600 517 666 584 hnc
691 537 750 585 nos
774 514 910 603 privato
934 536 1029 587 more
1054 518 1202 587 fatemur

318 647 538 724 Adventasse,
562 661 718 728 novoque
744 643 843 709 modo
867 641 968 708 isthic
991 662 1064 710 esse
1089 650 1241 713 vocatos

317 753 422 839 Cepia
445 751 538 816 nulla
561 749 644 816 data
667 752 718 816 est
744 768 857 814 rerum
883 750 1068 818 decernere
1091 770 1248 819 summa:

316 864 380 931 Sed
404 859 485 946 quid
510 859 683 942 agendum
707 855 780 922 istis
803 855 917 942 potius
941 859 1156 944 perpendere
1180 862 1232 927 las
1256 867 1309 929 est

315 966 552 1055 Temporibus
576 984 617 1032 ne
642 965 766 1030 damna
789 961 887 1030 malis
910 963 1047 1050 majera
1070 966 1254 1053 supersint,

315 1083 385 1146 Nec
409 1094 499 1144 nova
523 1071 717 1159 posteritas
741 1076 925 1167 nostroque
949 1091 968 1138 e
992 1073 1159 1158 sanguine
1184 1080 1266 1143 nata

316 1182 514 1269 Progenies
538 1177 636 1263 regni
661 1177 717 1245 cui
738 1176 822 1263 jura
845 1196 1024 1264 capessere
1049 1181 1210 1263 habenas

315 1290 452 1361 Percita
476 1305 537 1355 nos
560 1286 667 1366 rabie,
690 1290 843 1353 nostrum
868 1287 1057 1353 obtestetur
1081 1292 1116 1355 et
1139 1303 1272 1374 ausum,

316 1404 408 1468 Inter
432 1402 616 1478 utrumque
641 1394 757 1459 labans
781 1411 833 1459 an-
849 1392 1027 1460 debilitate
1051 1377 1220 1484 notandis,¹

316 1503 465 1574 Perfidia
488 1520 576 1568 anne
601 1497 703 1580 turci,
726 1498 868 1583 gravius
891 1499 1048 1568 convicia
1068 1500 1192 1588 jactet.
1231 1544 1233 1548 ι

314 1612 451 1683 Scilicet
475 1607 636 1676 adveniat
660 1605 763 1671 tantis
785 1625 921 1691 quoque
946 1606 1094 1676 luctibus
1117 1610 1220 1696 istud,

313 1723 409 1800 Quod
434 1722 580 1785 ventura
602 1718 722 1781 notent
746 1713 840 1799 turpi
863 1733 924 1781 nos
947 1717 1084 1784 saecula
1107 1720 1208 1787 sama.

315 1831 434 1914 Cogite
459 1822 667 1893 Concilium:
686 1821 768 1890 ,Toti
792 1840 953 1907 suprema
976 1827 1129 1909 potestas

313 1940 373 2004 Est
396 1934 468 2002 illi:
492 1929 623 2019 poterit
647 1949 703 1997 res
726 1934 762 1995 et
785 1929 950 1996 divellere
974 1933 1128 2016 acerbas,

315 2046 498 2113 Consulere
522 2044 626 2123 atque
650 2035 725 2118 sibi,
750 2035 925 2121 nobisque,
949 2041 984 2105 et
1007 2037 1139 2108 civibus
1162 2063 1320 2131 aequum.

314 2156 387 2220 Heu
400 2152 565 2236 quantum
578 2165 726 2227 sensum,
738 2148 842 2230 atque
852 2145 1003 2211 animum
1017 2151 1213 2233 praesentia
1222 2158 1385 2240 torquent

315 2260 578 2341 Dilaceransque
603 2255 700 2322 dolor
724 2256 899 2339 pertentat
922 2258 1067 2338 pectora
1090 2258 1206 2326 nobis!

314 2370 341 2436 O
366 2365 449 2433 mihi
472 2383 538 2447 non
564 2367 700 2429 maneat
724 2360 850 2426 misero
873 2379 955 2445 pars
978 2363 1089 2428 altera
1114 2365 1216 2448 vitae,

313 2475 362 2541 Ne
386 2473 461 2541 fera
484 2469 664 2553 contingat
688 2467 823 2554 patriae
848 2486 901 2532 me
925 2466 998 2534 sata
1022 2468 1161 2539 videre!

313 2580 465 2661 Dixerat,
489 2583 524 2645 et
549 2576 652 2643 tantis
675 2578 790 2661 posset
813 2573 888 2658 quis
912 2577 1056 2643 credere
1080 2579 1220 2649 verbis?

314 2688 476 2756 Novimus
499 2690 535 2752 et
558 2683 615 2769 qui
641 2688 673 2750 te
698 2684 822 2749 blando
846 2683 1042 2770 corruperit
1065 2705 1163 2771 auro,

312 2796 474 2865 Novimus
497 2794 672 2875 ambages,
696 2794 731 2857 et
755 2809 840 2874 quos
863 2790 1001 2877 decepit
1025 2793 1153 2862 amicos

310 2907 405 2971 Mens
429 2907 489 2970 tua
512 2897 708 2987 praeceptis
733 2897 907 2963 Gallorum
933 2898 1050 2965 dedita
1073 2902 1190 2970 foedis.

314 3010 422 3097 lligna
445 3007 513 3075 tuis
532 3006 614 3091 jam·
632 3009 666 3073 te
690 3008 876 3092 expectant
899 3006 1055 3091 proemia
1079 3010 1190 3094 tactis

309 3117 455 3197 Perfide,
479 3114 631 3182 terrifico
655 3116 786 3179 sternet
811 3131 902 3178 mors
925 3113 1066 3181 horrida
1091 3120 1187 3187 vultu

309 3231 391 3294 Jure
416 3223 510 3291 diest
536 3221 737 3288 immaturas
761 3224 799 3286 ut
822 3224 975 3288 sternere
999 3242 1124 3293 messes

309 3335 466 3407 Vidimus
488 3333 576 3400 heu!
603 3330 745 3411 nimbos,
769 3329 928 3415 curisque
952 3350 1098 3401 onerare
1122 3338 1291 3425 colonum,

308 3442 372 3524 Qui
397 3442 491 3510 videt
513 3442 675 3527 abreptos
700 3458 766 3506 una
790 3437 854 3505 sibi
879 3440 954 3506 luce
978 3441 1124 3527 labores

308 3551 372 3631 Qui
397 3552 521 3618 multos
545 3548 677 3635 petiere
701 3546 784 3627 dies
809 3550 844 3613 et
868 3547 982 3614 taedia
1006 3550 1111 3636 longa
1125 3575 1133 3640 3

309 3658 363 3728 Sic
387 3677 479 3727 mors
502 3658 646 3724 abradet
671 3655 776 3722 tacito
800 3655 870 3722 cita
894 3659 929 3722 et
952 3656 1070 3724 abdita
1093 3680 1226 3746 gressa,

309 3773 391 3838 Cum
417 3785 533 3833 mensa
556 3764 708 3851 excipiet
732 3764 899 3830 laetantes
921 3764 1011 3832 inter
1035 3768 1173 3838 amicos.

308 3878 376 3946 nes
391 3897 426 3943 se
444 3876 492 3943 ita
508 3895 644 3961 semper
661 3875 763 3940 habet
780 3873 869 3960 (quis
885 3875 1030 3941 Numina
1046 3888 1165 3947 sancta
1182 3889 1325 3968 negaret
1340 3883 1365 3974 t)

310 3986 406 4064 Quod
431 3984 495 4050 suit
519 3983 679 4050 interitus
704 3986 897 4048 transactae
923 3986 960 4048 ut
985 3992 1141 4072 tempora
1168 3990 1266 4059 vitae.

309 4094 446 4160 Interea
469 4091 623 4178 trepidus
647 4089 793 4176 suspiria
816 4091 950 4156 tervida
973 4093 1101 4160 ducens

307 4204 381 4267 Dux
405 4200 475 4267 ait:
501 4200 528 4267 O
552 4202 684 4280 Patren,
707 4198 868 4284 quoniam
894 4197 1044 4267 infelicia
1068 4209 1197 4288 cogunt

307 4311 487 4395 Tempora,
510 4313 548 4376 ut
572 4309 761 4374 obstantem
786 4307 830 4374 sit
854 4327 939 4394 opus
963 4311 1100 4395 pulsare
1124 4315 1324 4399 procellam,
1353 4317 1354 4320 ’

1387 2207 1396 2239 2
