3382 5362
734 367 956 456 -120-'

311 533 353 599 nt
377 552 510 600 mecum
534 532 645 601 facilis
668 534 843 620 populum,
866 537 1075 620 gentemque
1098 538 1268 620 togatam,

311 642 358 707 Vt
382 646 452 707 tres
475 659 587 727 poena
610 640 712 708 Viros
736 639 855 707 vinclis
879 658 945 707 non
968 641 1114 728 amplius
1138 648 1255 727 angat.
1280 676 1284 683 ·

310 749 352 813 Et
375 747 594 817 Pinnamanus
616 767 742 833 magno
766 748 808 813 de
832 746 975 815 crimine
999 749 1120 816 foedus

310 857 443 920 Irarum
467 854 622 922 stimulos
644 855 782 922 tandem
807 853 989 922 mitescere
1013 859 1143 923 cernat.

310 959 446 1047 Scripta
469 981 572 1029 manu
596 962 721 1047 signet,
745 960 858 1045 signet
883 980 972 1028 nunc
996 962 1140 1047 quilibet
1163 962 1241 1047 ista,

310 1069 470 1137 Proditor
494 1070 613 1137 infami
637 1070 779 1137 Pisanus
801 1071 906 1138 corde
930 1075 1095 1153 susurrat,

310 1179 353 1243 Et
375 1178 499 1263 probet
522 1177 598 1245 ista.
623 1180 737 1245 Novus
760 1177 917 1245 fremitus
942 1182 1050 1246 totam
1074 1179 1209 1248 insonat
1230 1183 1357 1264 aulam,

312 1286 424 1368 ¹Atque
449 1283 526 1351 Viri
549 1288 682 1371 septem
706 1283 861 1352 concussi
885 1285 1029 1354 horrore
1054 1287 1202 1353 refusam

310 1389 486 1475 Itejiciunt
510 1410 642 1475 vocem,
665 1395 701 1458 et
724 1392 840 1459 tristes
862 1391 1212 1478 subselliauiinquuut.

309 1501 378 1566 Hos
402 1498 491 1565 lnter
515 1499 677 1567 Pisaurus
701 1500 826 1566 acerbo
850 1502 992 1585 pectore
1017 1501 1145 1568 deflens

308 1609 346 1673 In
369 1607 456 1674 tales
479 1606 609 1695 rumpit
634 1623 755 1674 voces:
780 1608 854 1673 Heu
878 1606 952 1674 fata
975 1612 1183 1694 repugnant,

308 1719 356 1784 Vt
380 1714 506 1784 Veneti
528 1734 668 1783 causam
692 1713 821 1801 possint
843 1734 985 1803 sperare
1009 1717 1148 1785 salutis!

307 1824 393 1902 Quid
418 1823 502 1891 mihi
526 1824 714 1906 vobiscum,
736 1823 795 1909 qui
819 1827 889 1892 tam
915 1824 1044 1893 virtute
1068 1830 1205 1896 vetusta

307 1936 528 2021 Degeneres?
552 1954 696 2002 curnam
720 1937 823 2002 corso
847 1934 978 2003 servire
1002 1940 1143 2021 paratos

308 2049 359 2117 Oh
382 2052 516 2135 stupeo,
539 2067 618 2115 cum
642 2067 752 2133 regna
775 2046 851 2131 sibi,
870 2047 1103 2135 jugulumque
1128 2051 1286 2133 Senatus

307 2159 504 2242 Cunctaque
524 2156 609 2242 jura
632 2158 754 2245 petat?
777 2157 859 2243 quid
884 2160 998 2243 posset
1021 2160 1122 2244 plura
1141 2157 1279 2244 jubere,

308 2266 402 2342 Quae
426 2283 492 2331 non
516 2262 658 2348 cedatis,
682 2263 709 2331 si
733 2264 800 2332 sint
824 2264 959 2349 maJ'ora
983 2267 1157 2350 petenda?

308 2377 381 2444 Non
405 2376 563 2443 teretes
587 2381 705 2442 nostra
727 2377 916 2443 sceleratus
940 2375 1094 2462 praemia
1118 2381 1230 2464 parte,

308 2485 351 2551 Et
373 2481 547 2569 quoniam,
570 2485 702 2549 tantum
727 2501 805 2549 cum
829 2502 895 2550 non
919 2485 1075 2571 perferre
1099 2486 1263 2566 valemus,

308 2593 355 2657 Vt
379 2590 515 2656 videam
539 2587 594 2656 hio
619 2588 709 2655 intus
734 2589 906 2657 furibundi
932 2590 1049 2657 militis
1071 2610 1169 2658 enses

308 2699 424 2764 Aurea
448 2698 550 2782 pepla
573 2715 670 2763 meae
695 2696 830 2782 patriae
856 2698 1010 2764 lacerare
1035 2696 1193 2783 pudicae,

308 2805 516 2891 Templaque
540 2822 639 2870 sacra
662 2804 750 2891 rapi,
774 2808 809 2872 et
832 2803 931 2871 iuriis
954 2804 1088 2872 saevire
1111 2807 1278 2892 superbos

308 2912 484 2993 Persona,
508 2930 638 2999 perque
664 2911 757 2980 vias:
782 2912 943 2998 quoniam
968 2931 1033 2980 non
1058 2912 1204 3000 amplius
1227 2915 1339 2982 almae

307 3018 434 3087 Auxilii
459 3017 747 3107 patriae'laribus
770 3038 933 3088 concessa
956 3024 1108 3107 potestas

307 3126 406 3196 Haud
431 3125 514 3195 mihi
538 3124 736 3214 praestandi
760 3131 813 3195 est
835 3127 924 3196 civi:
949 3146 1013 3196 nec
1036 3125 1343 3198 mortis-honestae

308 3238 409 3324 Spem
433 3234 568 3322 capiam
593 3235 627 3302 in
651 3234 777 3323 patria,
799 3235 1039 3322 spernentibus
1062 3235 1193 3322 optima
1217 3235 1324 3321 vobis,

309 3343 395 3413 Hinc
419 3345 562 3412 abeam:
584 3341 710 3430 jugulo
735 3361 908 3429 nunquam
931 3363 968 3411 se
991 3346 1123 3432 polluet
1146 3346 1212 3412 isto

308 3448 574 3536 Francigenum
598 3449 759 3536 Gorsique
785 3470 925 3519 manus:
950 3453 1045 3520 locus
1068 3452 1177 3521 omnis
1200 3453 1342 3523 honesto

309 3559 368 3627 Est
391 3557 522 3646 patria:
549 3557 696 3626 Helvetii
722 3557 854 3638 meliori
879 3561 983 3628 corde
1008 3562 1168 3646 fugatum

309 3664 512 3759 Excipient:
537 3669 641 3750 atque
666 3665 718 3733 ire
740 3664 862 3751 juvat:
888 3685 966 3734 nam
992 3672 1068 3736 tuta
1091 3668 1212 3737 relicta

310 3778 455 3846 Vindice
481 3779 559 3862 lege
582 3776 648 3844 fuit
671 3774 812 3844 libertas
836 3775 956 3845 nobilis
981 3778 1070 3846 illic:

312 3889 385 3954 Hoc
407 3887 516 3951 solum
540 3888 660 3968 restat,
684 3883 712 3949 si
736 3902 802 3951 non
827 3904 904 3951 mea
924 3884 1019 3970 jura,
1036 3888 1211 3954 tuendum.

311 3991 365 4061 Sic
390 3994 511 4059 absens
535 4009 600 4058 non
625 4010 736 4075 angar
760 4009 839 4075 ego,
863 4010 972 4076 aeque
997 3994 1088 4059 acsi
1113 3995 1185 4080 ipse
1211 3994 1376 4077 viderem,

310 4105 392 4169 Cum
417 4118 501 4166 vera
523 4099 611 4165 haec
633 4097 752 4185 populi
776 4097 928 4179 libertas,
951 4119 1053 4184 quam
1078 4107 1157 4169 ante
1175 4102 1300 4170 vetusti

311 4211 499 4277 Servarunt
523 4207 650 4273 virtute
674 4224 776 4291 pares
800 4208 852 4272 tot
875 4207 977 4272 rebus
1001 4206 1135 4292 iniquis,

312 4315 487 4387 Libertate
511 4315 601 4396 ruet,
624 4330 712 4398 quae
738 4331 798 4382 vos
820 4312 855 4380 in
880 4311 991 4381 vincla
1015 4317 1167 4384 reducet.
