3382 5362
978 360 1177 426 ..138-

552 504 640 573 Huic
663 510 813 591 natoque
837 523 910 586 sno,
933 502 996 570 sibi
1020 520 1122 587 quem
1146 507 1247 588 pater
1270 502 1378 570 edidit
1402 524 1561 591 aequum.

550 618 624 681 Heu
649 614 820 699 quodnam
846 613 967 691 latum,
989 628 1159 694 quaenam
1183 611 1323 678 fortuna
1346 613 1488 696 negavit

550 724 598 789 Vt
622 740 721 788 neme
745 718 859 806 patrie
883 720 1033 801 flagrans
1055 720 1206 783 certaret
1230 717 1379 785 honere!

549 829 706 895 Perfidus
730 827 792 893 iste
816 845 920 893 serien
943 822 1043 891 sociis
1066 821 1272 908 conjunctus
1295 830 1438 894 ovantes

549 939 694 1003 Pectore
719 932 870 1001 laetitiae
894 932 1033 1019 plausus
1056 929 1227 1017 concepit,
1249 935 1286 998 et
1308 932 1390 1000 edit.

549 1044 715 1125 Libertas,
739 1043 910 1123 inclamat,
935 1040 979 1121 io,
1001 1037 1212 1125 comitesque
1236 1050 1439 1126 sequuntur,

548 1151 610 1230 Qui
636 1172 743 1238 prope
767 1150 946 1234 cingentes
969 1148 1122 1213 vetulum
1146 1146 1294 1234 stipante
1317 1168 1457 1232 corona,

549 1262 685 1328 Addere
709 1278 804 1346 spem
830 1256 910 1323 lidei
933 1254 1067 1341 pridem
1091 1273 1152 1322 ere
1176 1253 1329 1325 inhiante
1353 1258 1537 1341 micabant,

548 1366 779 1450 Anditmnque
804 1365 918 1450 palam
943 1359 1081 1430 hostiles
1104 1364 1325 1433 crebrescere
1350 1385 1462 1433 voces

547 1479 640 1541 Trrnc
665 1473 821 1560 populus,
843 1471 934 1537 selus
958 1471 1071 1535 luerat
1094 1468 1151 1555 qui
1176 1471 1241 1538 hec
1265 1477 1421 1559 tempore
1445 1474 1597 1560 prudens

546 1583 682 1649 Grande
706 1577 928 1665 supercilium
953 1582 1072 1643 torvus
1095 1575 1245 1645 vibravit
1267 1578 1302 1645 in
1327 1580 1420 1663 istos

546 1692 673 1773 Magna
696 1687 849 1754 minans:
875 1681 1042 1750 tumidum
1067 1701 1144 1748 nam
1157 1682 1233 1769 Jam
1250 1685 1355 1755 micat
1371 1707 1431 1757 ore
1448 1708 1635 1773 venenum,

545 1799 657 1883 Atque
682 1795 811 1862 audens
834 1796 943 1860 terret
966 1790 1077 1858 rabidi
1103 1791 1266 1862 violentia
1289 1798 1415 1880 vultus

545 1902 655 1991 Impia
678 1922 746 1989 qua
768 1900 861 1969 cedit
884 1898 1034 1967 crudelis
1057 1899 1170 1983 gloria
1194 1901 1315 1970 frontis

546 2011 658 2080 Dulcis
681 2029 778 2077 amer
802 2006 948 2095 patriae,
972 2010 1007 2074 et
1031 2007 1148 2091 legum
1172 2010 1369 2078 reverentia
1391 2032 1524 2081 summa

545 2118 709 2186 Mirandis
731 2115 849 2204 populi
873 2114 1013 2200 stringit
1035 2115 1242 2202 praecordia
1265 2119 1373 2188 nodis.

546 2229 658 2313 Atque
683 2229 787 2307 amat,
810 2227 913 2309 atque
938 2222 1036 2290 timet
1060 2226 1192 2305 Patres,
1216 2225 1274 2311 qui
1299 2231 1392 2297 nulla
1414 2235 1593 2299 merentur

546 2334 693 2402 Vincula
714 2330 861 2399 ramoris:
886 2330 976 2397 enim
999 2332 1164 2417 populum
1190 2334 1352 2403 deludere
1377 2337 1470 2423 turpi

544 2443 676 2509 Fraude
700 2440 850 2521 student,
873 2441 920 2504 att
934 2456 976 2504 ue
1001 2437 1115 2504 exitiis
1138 2437 1314 2509 involvere
1339 2445 1460 2513 lusum.

544 2553 641 2616 Hunc
665 2547 783 2614 videas
808 2545 921 2613 tristes
946 2551 1075 2613 moesto
1100 2567 1159 2613 ore
1183 2550 1316 2617 referre
1339 2553 1486 2635 dolores

543 2661 587 2723 Et
611 2656 729 2722 videas
751 2673 907 2721 nunnnos
930 2653 1064 2739 patriae
1089 2656 1299 2740 prolirudere
1323 2678 1467 2745 egenae,

543 2768 635 2841 errae
659 2760 811 2849 pretiosa
833 2760 897 2827 sibi
922 2763 1100 2846 praebere,
1125 2767 1159 2830 et
1182 2774 1303 2851 sponte
1327 2770 1483 2837 salutem

543 2872 642 2937 Nulla
664 2869 801 2955 quidem
825 2866 968 2933 similem
993 2869 1078 2934 lien!
1104 2874 1269 2957 populum
1294 2876 1474 2944 nrirabitur
1498 2880 1605 2945 aetas

542 2977 650 3046 Triste
675 2975 898 3044 Salirnbenius
921 2976 1054 3058 metuit,
1077 2990 1229 3046 metuere
1253 3001 1415 3068 sequaces

541 3091 648 3159 Corde
672 3086 890 3176 supercilium
917 3087 987 3168 vili,
1010 3095 1211 3158 convertere
1234 3096 1355 3162 suadet

541 3197 635 3265 illico
659 3200 759 3280 terga
782 3195 887 3278 fugae
911 3193 1031 3262 sociis:
1056 3215 1135 3263 nam
1159 3200 1294 3268 concita
1317 3204 1450 3271 cladem

541 3305 729 3375 Turmatim
754 3304 951 3372 circumfusi
975 3306 1093 3391 populi
1118 3307 1170 3374 ira
1193 3309 1354 3380 minatur.

542 3420 589 3484 Vt
612 3413 750 3500 fugiunt
773 3412 892 3500 rapide
915 3412 1104 3498 linquentes
1129 3417 1243 3486 dulcia
1267 3424 1368 3490 mella

542 3523 610 3591 Vix
633 3522 734 3591 motis
758 3522 912 3588 manibus
937 3541 1089 3588 muscae:
1116 3534 1152 3592 ut
1176 3530 1327 3597 elamore
1352 3535 1536 3598 trementes

540 3633 666 3702 Audito
691 3633 843 3718 requiem
868 3638 1042 3699 erraturant
1066 3632 1100 3700 111
1124 3641 1244 3705 scrobe
1267 3659 1402 3708 mures:

540 3745 587 3814 Vt
611 3764 745 3830 quoquc
769 3742 936 3830 pisciculi,
959 3743 986 3809 si
1010 3743 1092 3828 qnid
1112 3745 1266 3830 pactetur
1291 3751 1324 3816 in
1351 3753 1469 3831 atridas,

540 3859 608 3922 Aut
632 3855 774 3939 lignum,
797 3860 858 3920 aut
881 3874 1001 3919 saxum
1026 3857 1161 3923 labatur
1185 3862 1335 3944 pindere
1360 3860 1394 3927 111
1418 3862 1524 3928 imum
1537 3881 1546 3948 3

539 3969 747 4050 Torquentos
769 3984 841 4031 sese
866 3965 1003 4049 lugiunt
1023 3965 1098 4049 jam
1122 3986 1286 4055 pratqieto
1311 3971 1416 4057 pinna
1429 3995 1438 4058 3

539 4077 593 4144 Sic
617 4079 708 4143 mala
732 4078 832 4142 turba
856 4077 944 4142 lares
968 4077 1151 4163 trepidanti
1177 4088 1317 4166 praetore
1341 4083 1485 4168 quaerit.

537 4187 582 4251 nt
607 4183 717 4268 inagis
740 4183 774 4249 in
798 4186 924 4270 populo
948 4185 1082 4270 patriae
1106 4189 1326 4255 succenditur
1349 4193 1452 4258 arder

538 4298 689 4381 Namque
713 4301 813 4383 putat
837 4294 995 4363 l’atrilms
1018 4298 1166 4385 patriam
1191 4302 1374 4370 dcl'endero
1398 4306 1547 4372 lirinum.
