3382 5362
316 1770 454 1838 Tnnrvs
477 1793 532 1840 me
556 1772 590 1839 in
611 1775 852 1844 dilectissimae
869 1772 1007 1842 Patriae
1024 1773 1171 1840 nefando
1188 1789 1269 1839 casu
1286 1770 1352 1838 do-

226 1875 279 1941 lor
309 1878 444 1962 afflixit,
473 1881 555 1950 licet
583 1883 703 1970 primis
733 1887 777 1952 ab
808 1883 904 1951 annis
935 1884 1183 1966 degeneratam
1215 1876 1352 1965 imperii

227 1984 444 2053 dulcedinem
468 1990 727 2080 degustassem3
750 1997 789 2059 ut
812 2011 901 2078 quae
924 1993 1121 2076 quantaque
1142 2005 1220 2054 mea
1240 1983 1355 2072 patria

228 2092 354 2175 fuerat,
385 2114 590 2181 memorans
618 2099 790 2184 lacrymas
821 2098 928 2167 oculis
962 2096 1158 2165 oborientes
1192 2093 1354 2161 cohibere

227 2200 364 2286 saepius
389 2202 446 2269 vix
470 2210 638 2291 poteram.
662 2208 823 2292 Angebat
847 2225 983 2291 quoque
1007 2203 1135 2272 doloris
1162 2199 1353 2268 molestiam

229 2306 367 2375 virtutis
389 2313 578 2396 oppressi0,
605 2313 855 2400 criminumque
887 2313 1038 2381 omnium
1069 2307 1355 2379 debacchantium

229 2414 426 2501 impunitae,
449 2419 642 2504 sapientum
666 2420 792 2488 civium
817 2423 945 2488 effusus
968 2421 1089 2506 pallor,
1110 2421 1357 2499 bonorumque,

230 2522 328 2588 malis
355 2529 476 2611 aperto
509 2525 596 2593 ostio
629 2527 879 2612 ingruentibus
911 2526 1087 2593 fremitus:
1120 2525 1357 2606 dolebamque,

229 2630 321 2714 quod
344 2629 527 2716 imperium
552 2637 686 2701 tantum
710 2654 853 2703 avorum
879 2633 1006 2700 virtute
1031 2636 1153 2699 contra
1180 2634 1232 2697 tot
1255 2647 1358 2695 acer-

232 2737 302 2817 bas,
326 2738 497 2824 durasque
523 2742 692 2826 procellas
716 2761 819 2827 saepe
843 2740 981 2827 saepius
1000 2739 1212 2824 jampridem
1236 2735 1359 2802 sufful-

231 2848 316 2928 tum,
340 2852 375 2912 et
398 2849 441 2913 ab
465 2848 656 2916 imminenti
687 2849 831 2948 interitu
862 2850 1057 2930 liberatum,
1088 2845 1237 2914 avaritia
1263 2842 1358 2911 inso-

230 2951 327 3034 lenti,
350 2953 443 3040 turpi
468 2954 604 3024 inscitia
620 2976 749 3040 rerum,
765 2956 999 3042 degenerique
1016 2974 1150 3022 morum
1167 2953 1359 3041 priscorum

231 3059 421 3130 mutatione
445 3063 580 3131 ruisset.
605 3066 690 3131 Nam
714 3063 842 3152 quippe
866 3062 972 3150 aliqui
996 3072 1133 3151 patrum
1165 3059 1230 3130 sibi
1254 3079 1360 3148 prae-

231 3167 364 3254 diisque
395 3170 465 3238 suis
496 3173 599 3240 t'oeda
630 3173 802 3239 latronum
830 3171 985 3257 ingluvie
1009 3169 1153 3239 obsessis
1182 3169 1360 3238 consulere

231 3282 414 3364 putantes:
439 3279 601 3366 turpique
626 3278 824 3365 ignorantia
847 3278 943 3347 obliti
967 3278 1073 3364 aliqui
1095 3277 1251 3345 obstandi
1275 3277 1361 3344 dolis

232 3384 319 3452 salsa
342 3384 496 3455 amicitia
520 3388 642 3455 velatis
673 3386 781 3455 scium
806 3386 956 3454 animum
990 3386 1206 3472 praeseferre
1234 3384 1362 3452 timen-

233 3495 306 3560 tes:
331 3493 437 3579 aliqui
461 3496 608 3582 denique
634 3500 792 3576 naturae,
816 3494 935 3582 populi
955 3492 1019 3561 sibi
1036 3493 1218 3576 commissi,
1233 3513 1363 3580 suaque

228 3597 313 3685 jura
336 3600 466 3670 Gallico
490 3605 580 3686 deb,
605 3603 818 3690 perfidieque
843 3601 962 3684 tabidi,
985 3599 1203 3688 turpiterque
1220 3603 1364 3668 fluentes

234 3711 481 3793 conculcando,
513 3713 673 3793 absurda,
708 3730 812 3796 quam
843 3710 955 3775 nullus
990 3709 1169 3776 excusabit
1203 3728 1366 3794 unquam,

234 3816 408 3902 pravitate
439 3839 615 3903 magnum,
650 3819 909 3903 antiquumque,
943 3824 978 3884 ct
1012 3817 1144 3884 illustre
1177 3809 1366 3903 'Imperium

235 3927 328 3992 nullo
352 3930 491 4007 conatu,
516 3928 607 3994 nullo
631 3927 786 4007 consilio,
810 3928 903 3992 nulla
935 3924 1133 3993 delensione
1157 3925 1366 3992 fulciendum

236 4051 401 4100 corruere
430 4033 518 4119 passi
544 4039 632 4100 srrnt.
657 4034 737 4111 Quis
762 4033 870 4118 igitur
895 4033 1034 4099 veniens
1058 4032 1090 4097 in
1116 4052 1240 4098 aevum
1264 4033 1367 4100 nobi-

236 4139 321 4206 lium
346 4145 565 4226 posterorum
583 4140 655 4208 istis
672 4161 738 4208 non
754 4160 982 4208 succensurus
1002 4140 1081 4221 erit,
1101 4139 1251 4226 dirisque
1265 4137 1370 4225 justis

236 4247 368 4315 luridos
399 4249 544 4317 istorum
575 4268 720 4317 avorum
755 4268 873 4316 manes
903 4249 963 4337 pia
997 4247 1175 4335 impietate
1211 4248 1368 4316 concitus

1285 4392 1301 4447 2
