3382 5362
659 373 837 450 ’.39-

226 529 263 591 ln
287 525 411 611 quibus
433 534 618 612 assurgunt
641 528 720 595 hinc
744 532 820 595 arte
844 527 975 614 palatia
998 529 1112 609 docta,

227 636 299 700 Hac
319 631 467 718 juvenes
490 636 623 718 ludunt,
648 640 682 704 et
706 654 794 716 aves¹
811 634 845 700 in
869 635 1047 703 frondibus
1070 635 1145 718 alis,

226 741 417 808 Luxuriant
440 747 476 809 et
499 762 581 810 oves
604 749 703 830 parte
728 743 793 810 hac
816 762 879 829 per
902 743 1062 828 gramina
1085 741 1211 830 campi.

227 849 319 916 Artis
343 868 428 936 opus
452 850 552 935 fingit
575 851 732 918 mirabile
757 851 916 937 proxima
939 852 1036 919 nobis

226 956 339 1023 Insula
362 956 496 1024 Murani
521 956 703 1025 flammatis
727 963 804 1025 usta
827 958 981 1027 caminis

226 1068 369 1148 Jamque
394 1063 510 1131 albent
533 1064 639 1132 tonsis
664 1066 733 1132 late
758 1064 914 1132 mantilia
938 1064 1037 1146 villis,

224 1175 338 1257 Atque
362 1170 475 1256 coqui,
498 1171 621 1256 quibus
644 1173 736 1239 intus
759 1192 844 1239 cura
867 1173 1007 1241 adolere
1031 1174 1186 1258 penates,

225 1279 493 1366 Disponuntque,
517 1284 710 1364 parantque
735 1278 820 1346 locis
843 1280 1054 1347 torrentibus
1077 1297 1196 1347 escas:

225 1386 313 1454 Hinc
337 1385 405 1453 alia
430 1385 547 1452 videas
571 1385 771 1472 praenobile
795 1405 939 1471 surgere
963 1405 1102 1454 mensae
1161 1468 1173 1487 .

226 1493 376 1563 Alterius
401 1497 577 1579 tegumen,
600 1493 793 1561 redolentia
815 1499 917 1581 parte
941 1493 1093 1563 canistra

224 1601 405 1670 Molliculis
429 1599 537 1668 escis:
562 1600 707 1684 cariota,
730 1601 879 1689 cupedia
901 1603 1027 1686 cernis,

225 1711 397 1795 Salgama,
420 1709 586 1796 pastillos,
609 1710 738 1791 dulces,
761 1709 918 1793 bellaria,
941 1712 1084 1779 fructus.

225 1817 336 1886 Acciti
360 1820 483 1886 Patres
506 1816 631 1885 mensis
655 1816 832 1904 epulisque
857 1817 988 1906 paratis

225 1925 468 1994 Discumbunt:
493 1926 678 2011 epulasque
702 1926 821 1992 datum
845 1931 928 1993 tunc
951 1943 1095 1994 cernere
1120 1923 1249 2013 primas

226 2032 389 2102 Omnibus
413 2053 456 2102 611
480 2035 630 2120 populo:
654 2035 802 2120 populus
824 2052 997 2121 praecone
1018 2032 1164 2119 jubetur

228 2141 395 2209 Clamanti
420 2160 599 2209 removere
623 2143 752 2229 pedes:
777 2144 880 2226 atque
905 2141 993 2211 ostia
1017 2142 1148 2210 circum

224 2249 319 2318 lllico
343 2250 562 2317 clauduntur.
586 2251 721 2317 Celeres
744 2249 862 2316 famuli
888 2255 991 2336 atque
1017 2249 1163 2317 ministri

224 2360 318 2451 Mox,
327 2357 473 2445 dapibus
496 2376 631 2424 mensas
654 2360 811 2439 onerant,
835 2361 870 2424 61
895 2357 974 2426 vina
998 2360 1219 2444 frequentant

225 2465 315 2534 Vina
338 2466 512 2552 dapesque
537 2469 653 2532 tamen
677 2463 768 2530 tristi
792 2464 835 2531 de
859 2470 1001 2552 pectore
1026 2485 1129 2534 voces

224 2574 364 2641 Solvere
388 2592 454 2640 non
478 2576 661 2658 poterant:
686 2574 746 2638 sed
771 2576 868 2639 muta
891 2573 1027 2642 silentia
1050 2575 1233 2660 squallent,

224 2686 329 2768 lnque
352 2684 495 2747 Patrum
520 2699 579 2749 016
604 2679 707 2748 timor
731 2681 872 2766 pallens,
896 2701 981 2749 cura
1004 2682 1144 2750 incubat
1172 2699 1312 2766 anceps

223 2792 293 2857 Hos
316 2787 407 2855 inter
431 2787 593 2854 Pisaurus
620 2791 746 2854 tetrum
770 2786 804 2852 in
828 2789 932 2856 corde
957 2791 1111 2856 dolorem

222 2897 323 2963 Haud
345 2895 509 2963 simulare
535 2896 638 2975 valet,
661 2893 864 2980 gemituque
888 2895 1025 2964 silentia
1048 2895 1188 2983 rumpit.

222 3003 317 3071 Heu!
343 3001 473 3088 aliquid
496 3005 605 3084 certe,
627 3000 656 3068 si
680 3000 724 3068 sit
748 3003 932 3087 prudentia
955 3002 1063 3073 menti

222 3109 369 3180 Venturi
394 3108 469 3191 fati,
493 3107 590 3177 nobis
613 3108 785 3197 praedicit
808 3111 919 3178 amari

223 3221 369 3288 Pectore
394 3236 454 3286 cor
478 3222 709 3315 moerens,et
732 3223 828 3287 muto
852 3220 964 3306 pallor
987 3219 1022 3289 in
1047 3222 1128 3291 ore!

221 3327 359 3396 Scilicet
383 3326 475 3394 haud
498 3327 617 3407 lateat,
641 3328 732 3411 quod
756 3345 817 3395 nos
841 3331 994 3398 Fortuna
1017 3330 1171 3415 maligna

220 3436 403 3522 Aggravat
427 3434 502 3520 ipsa
525 3438 614 3516 rota,
638 3436 838 3521 vultumque
862 3439 991 3506 avertit
1018 3440 1194 3506 acerbum.

221 3543 405 3611 Incidimus
428 3544 514 3611 dtrro
539 3561 629 3609 nunc
652 3542 686 3609 in
710 3545 802 3611 mala
825 3548 985 3632 tempora
1008 3548 1092 3627 fate,

220 3652 333 3739 Atque
357 3654 479 3718 Patres
502 3649 567 3736 ipsi
591 3649 752 3735 patriam,
775 3670 844 3737 qua
867 3653 982 3722 carius
1006 3673 1079 3723 esse

221 3759 274 3826 Nil
298 3760 401 3826 debet
425 3758 505 3840 civi,
529 3759 650 3826 studiis
674 3760 866 3845 deperdere
892 3762 1000 3829 versis

220 3868 264 3934 111
287 3871 432 3947 tentant,
456 3871 491 3933 et
515 3872 629 3949 avent,
654 3872 840 3953 turpesque
864 3868 1074 3955 immergere
1098 3869 1205 3937 luctu.

219 3974 274 4040 Me
298 3975 384 4040 latet
407 3975 498 4040 haud
523 3976 656 4042 nullus:
681 3974 816 4059 pridem
837 3974 911 4059 jam
937 3996 1004 4062 ego
1029 3978 1199 4046 inutiliter
1223 3975 1298 4063 ipse

219 4083 337 4149 Verba
360 4083 563 4149 Senatorum
586 4082 655 4148 1601
678 4082 933 4168 imperterritus
956 4088 1071 4172 amplo

220 4188 383 4270 Concilio,
406 4189 486 4255 t'atis
510 4191 644 4256 solvens
667 4189 884 4256 venientibus
908 4211 981 4275 ora,

221 4297 291 4366 Ora
314 4298 374 4364 sed
397 4295 579 4380 incassum,
602 4317 681 4365 nam
706 4317 891 4386 numquam
916 4301 1071 4372 credita:
1097 4322 1218 4373 vecors
