3382 5362
851 435 1029 498 ..44-

419 578 570 645 Vulnere
594 576 725 644 crudeli
751 576 841 643 inter
867 574 1008 642 brachia
1032 580 1163 642 moesta
1187 581 1323 642 tuorum

422 684 591 769 Linquere
617 690 650 751 te
676 684 808 750 vitam?
831 703 893 751 cur
917 686 969 750 tot
992 685 1178 768 tantaeque
1203 682 1354 749 virorum

415 794 537 874 Curae,
560 811 649 877 (quae
673 791 821 877 patriam
846 792 891 857 ad
915 788 1056 874 l'astigia
1079 792 1172 856 celsa
1196 790 1376 856 tulerunt?

416 902 503 981 Heu,
526 919 597 980 vos,
621 901 688 965 lieu
712 903 786 966 tota
810 917 870 964 vos
896 916 999 964 voce:
1025 900 1164 979 Cavete,
1188 916 1384 982 precamur,

417 1009 465 1074 Ne
492 1006 596 1073 veluti
620 1007 672 1072 liis
696 1008 811 1073 suerat
835 1024 890 1073 res
913 1005 1059 1091 pulchra
1083 1007 1270 1072 adnectere
1294 1007 1427 1071 tantum

417 1114 603 1200 Imperium
628 1114 734 1195 vobis
758 1114 808 1181 ita
831 1114 874 1180 sit
899 1111 1107 1197 turpissima,
1131 1116 1245 1179 vestro

416 1220 575 1303 Crimine,
598 1222 690 1306 quod
716 1221 869 1288 tribuere
893 1218 953 1306 pii,
978 1239 1043 1286 non
1067 1238 1166 1305 posse
1191 1218 1292 1287 tueri.

319 1346 334 1361 ··
416 1328 568 1409 Dixerat,
592 1333 628 1395 at
651 1332 773 1400 contra
796 1327 932 1395 Battaia
953 1345 1053 1393 sensa
1077 1325 1241 1408 refundit,

417 1436 489 1516 llle,
511 1435 568 1502 cui
591 1440 643 1502 est
667 1455 789 1503 nomen
814 1454 917 1502 saevo
941 1453 963 1500 a
986 1433 1175 1501 certamine
1200 1436 1354 1516 ductum,

416 1541 598 1624 Patricius,
621 1542 726 1610 Gallis
748 1544 863 1610 fuerat
887 1542 947 1628 qui
970 1540 1105 1627 turpius
1128 1542 1286 1624 haerens

417 1651 460 1715 Et
485 1649 565 1716 licet
589 1650 713 1736 insigni
739 1651 874 1737 patriae
898 1651 1081 1717 decoratus
1104 1650 1245 1731 honore,

416 1760 578 1824 Attamen
603 1757 744 1842 insidiis
767 1759 901 1825 luliana
925 1757 1112 1824 instructus
1135 1761 1170 1824 et
1193 1761 1268 1825 arte

415 1866 526 1934 Proh!
553 1864 618 1933 fuit
641 1866 789 1953 imperii,
814 1869 1025 1935 Venetorum
1050 1869 1086 1931 et
1109 1864 1265 1951 proditor
1289 1863 1402 1933 Vrbis

417 1977 493 2059 lpse
517 1975 699 2041 Senatores
722 1977 839 2061 plures
862 1973 924 2042 sibi
945 1972 1064 2058 J'unxit
1088 1971 1228 2052 amicos
1273 2028 1279 2039 .

417 2084 522 2166 lnque
545 2100 642 2147 suam
666 2081 788 2149 statuit
813 2087 971 2149 versutus
994 2081 1123 2147 ducere
1148 2085 1298 2148 mentem

417 2187 535 2256 Nobile
560 2188 757 2256 Concilium.
782 2192 850 2257 Res
873 2193 908 2256 et
932 2188 996 2256 sibi
1019 2206 1187 2275 prospera
1210 2187 1333 2256 cessit:

417 2297 570 2382 Namque
593 2296 680 2363 dolis
703 2298 830 2378 suerat,
853 2295 968 2364 frillaci
992 2299 1028 2362 et
1051 2295 1220 2362 maximus
1244 2314 1304 2362 ore
1360 2325 1362 2330 ·

419 2405 542 2471 Nostra
565 2403 715 2489 quidem,
739 2404 838 2485 dixit,
863 2423 1005 2488 magnas
1028 2402 1165 2469 navalia
1188 2403 1279 2469 vires

417 2511 645 2597 Suppeditant
669 2512 815 2598 patriae,
838 2512 1031 2596 classesque
1054 2496 1241 2576 immittere
1265 2516 1370 2596 ponto

417 2622 610 2701 Possumus,
633 2624 737 2704 atque
761 2619 865 2686 licet:
889 2621 949 2685 sed
973 2621 1046 2685 tum
1070 2636 1212 2703 sperare
1236 2619 1381 2685 salutem
1478 2686 1480 2691 s

417 2727 516 2793 Vnde
540 2727 658 2793 datum
682 2731 825 2810 certam,
849 2745 922 2793 sors
946 2724 973 2791 si
997 2725 1172 2792 contraria
1195 2726 1294 2792 lato?

416 2833 516 2899 Vnde
540 2834 672 2914 datum,
697 2832 838 2899 nimium
862 2833 891 2898 si
914 2852 984 2919 pax
1008 2832 1179 2915 longaeva
1203 2832 1356 2898 retundit

416 2939 562 3006 Brachia
585 2939 760 3020 militibus,
784 2941 931 3025 populus
954 2940 1116 3005 desuetus
1141 2942 1176 3005 et
1200 2938 1305 3005 armis

416 3047 522 3113 Arma
545 3052 660 3132 pavet,
685 3048 875 3132 plenaeque
896 3044 1018 3131 jacent
1041 3044 1210 3129 rubiginis
1232 3046 1379 3113 hastae?

416 3156 443 3220 Ε
467 3157 589 3221 contra
612 3154 750 3236 bellum,
773 3153 865 3240 quod
888 3151 985 3220 nobis
1008 3151 1175 3235 imminet,
1199 3153 1333 3239 ingena,

416 3261 691 3347 Horrificumque
716 3260 815 3328 minis
838 3261 987 3344 intentat
1010 3259 1145 3327 nescius
1169 3261 1246 3329 ullis

415 3368 529 3436 Armis
552 3369 727 3454 Napoleon
752 3367 854 3454 vinci,
878 3367 934 3436 cui
957 3366 1094 3435 subdita
1116 3367 1224 3435 servit

416 3476 535 3545 ltaliae
560 3495 640 3562 pars
663 3495 802 3561 magna,
825 3475 976 3563 expulsis
1000 3474 1152 3560 regibus,
1177 3494 1317 3560 aegrae.

415 3584 583 3652 Classibus
606 3584 663 3650 ille
687 3588 809 3670 potens
833 3583 983 3650 tumidus
1007 3582 1143 3650 navalia
1166 3584 1308 3670 spernit,

414 3691 684 3778 agminibusque
710 3694 826 3758 valens
850 3691 947 3760 nobis
970 3693 1165 3778 populoque
1189 3692 1345 3778 superbit

415 3799 626 3887 lmparibus:
652 3803 799 3881 Mavors
822 3799 949 3866 invicto
974 3804 1010 3866 et
1033 3799 1171 3866 numine
1195 3802 1308 3866 Pallas

414 3909 573 3975 Praestat
597 3925 700 3993 opes:
724 3907 887 3992 quidnam
912 3907 999 3972 divis
1022 3927 1198 3993 opponere
1224 3907 1352 3975 tantist

415 4017 490 4082 Vae
515 4014 630 4082 nobis!
657 4015 683 4080 si
709 4018 777 4081 l'ert
801 4016 934 4082 animus
958 4016 1058 4082 modo
1084 4014 1191 4082 milite
1216 4021 1369 4099 cunctas

413 4124 525 4207 Atque
551 4122 655 4188 armis
679 4122 812 4188 munire
837 4124 962 4190 urbes:
985 4141 1125 4188 arsurus
1149 4123 1183 4188 in
1206 4123 1276 4190 iras

414 4229 561 4315 Agmine
586 4230 739 4298 terrillco
763 4231 972 4317 pervaderet
996 4230 1111 4298 omnia
1133 4236 1240 4299 certe.

416 4336 589 4438 Expedial
613 4337 727 4425 potius
753 4356 937 4424 numquam
962 4337 1101 4408 irritare
1125 4341 1320 4424 crabrones
