3382 5362
896 429 1095 495 -100-

472 561 562 637 Quas
585 563 633 632 sic
659 565 828 635 mirantur
852 570 981 657 populi,
1004 590 1174 657 regesque
1199 572 1368 657 potentes,

472 673 519 738 Vt
542 678 685 758 poscant
709 678 860 744 Venetos
880 677 971 763 juris
994 681 1149 747 consulta
1176 676 1332 746 labantis

471 781 546 845 lam
570 783 661 848 mala
685 783 870 870 praevideo
895 788 997 854 linem
1021 789 1112 854 haud
1137 787 1307 868 habitura,
1331 784 1552 869 modumque:

471 887 610 974 Aspicio
634 891 748 959 Gallos
774 895 924 961 Venetas
947 900 1131 980 penetrare
1156 898 1307 975 lacunas,

471 996 634 1064 Omnibus
658 1001 693 1065 et
718 998 820 1082 vitiis,
844 1001 1033 1087 scelerique
1059 1005 1176 1070 lavere
1201 1004 1341 1068 salaces.

470 1103 603 1191 Quippe
627 1105 684 1172 ubi
709 1108 802 1173 nulla
825 1109 907 1176 data
930 1115 981 1176 est
1007 1110 1124 1177 virtuti
1149 1109 1263 1195 gloria
1286 1108 1413 1184 clarae,

470 1213 513 1277 Et
536 1211 659 1279 sceleri
683 1214 859 1299 patefacta
885 1215 950 1297 via,
974 1217 1060 1284 heu!
1090 1215 1305 1303 corrumpier
1329 1211 1414 1279 atris

471 1317 622 1386 Moribus
645 1319 810 1388 imbutam
837 1323 1005 1390 Theodori
1029 1324 1063 1390 in
1089 1326 1217 1412 templa
1236 1323 1418 1409 juventam

470 1426 647 1494 confluere
672 1429 823 1515 aspicio:
849 1431 904 1498 hic
928 1432 1056 1515 odium,
1080 1434 1273 1517 bellumque
1297 1427 1481 1515 superbum

469 1535 506 1598 ln
530 1536 690 1621 Superos,
714 1540 895 1624 Regesque
919 1558 1047 1622 omneS,
1070 1539 1259 1626 opibusque
1283 1539 1442 1623 potentes

468 1641 668 1711 imbibitur:
693 1645 827 1731 spargit
851 1646 978 1713 rabidis
1003 1649 1169 1715 bacchata
1193 1646 1384 1732 Sophorum

468 1751 580 1816 Turba
604 1770 710 1819 novos
733 1772 846 1820 mores
869 1753 967 1821 labiis
990 1760 1026 1822 et
1049 1756 1214 1840 dogmata
1236 1766 1377 1839 prorsus
1479 1731 1484 1747 ’

466 1858 561 1934 Quae
584 1864 719 1944 natura,
744 1863 898 1947 Deusque
922 1862 1028 1943 dedit,
1052 1862 1227 1930 contraria
1246 1859 1372 1945 jactat,

466 1967 510 2032 Et
533 1965 665 2033 trifidas
689 1966 722 2034 in
747 1986 807 2035 nos
829 1968 966 2054 linguas
989 1974 1151 2055 turgente
1178 1986 1309 2035 veneno

466 2073 645 2158 Anguibus
668 2075 825 2142 assimilis
848 2096 974 2149 acuens
998 2082 1059 2144 tua
1083 2076 1227 2143 Numina
1250 2070 1392 2160 spernit.

465 2180 596 2256 Quidve
619 2184 736 2266 duces,
759 2186 886 2271 populo
909 2204 995 2271 quos
1017 2185 1105 2253 Galli
1129 2183 1272 2252 crimine
1298 2184 1369 2247 toto

465 2290 635 2358 Foedatos
657 2295 811 2360 statuere
835 2294 938 2360 meo?
961 2311 1168 2380 componere
1192 2290 1326 2375 iniquas

464 2397 586 2482 Leges
609 2403 645 2467 et
670 2399 791 2467 vitium
816 2400 979 2470 mulcenti
1004 2402 1171 2468 extollere
1195 2395 1344 2484 plausui

464 2506 507 2570 Et
529 2509 639 2591 potes
663 2527 683 2575 o
707 2507 860 2591 Genitor,
883 2512 1008 2596 pac-ato
1032 2527 1175 2576 cernere
1201 2506 1308 2583 vultu,

465 2616 512 2681 Vt
536 2615 673 2702 rapiant
699 2617 833 2705 templis
856 2621 1004 2686 aurum?
1028 2617 1180 2704 pretiosa
1204 2614 1359 2700 supellex

464 2722 639 2806 Thesauri,
663 2725 772 2793 veteri
796 2726 830 2792 in
855 2725 961 2793 Marci
985 2744 1074 2812 quae
1098 2722 1257 2793 conditur
1281 2720 1369 2786 AEdo

463 2830 647 2916 Sacrilegis
670 2834 772 2900 cedat
798 2833 964 2915 manibuS,
987 2833 1169 2919 pictaeque
1195 2829 1354 2910 tabellae,

463 2938 556 3012 Quae
580 2957 680 3007 sacra
703 2941 797 3007 sacta
820 2941 880 3007 Dei
904 2943 1076 3008 reserante
1100 2938 1271 3008 coloribus
1294 2941 1369 3001 arto

463 3048 500 3110 ln
524 3044 655 3132 pietate
679 3053 807 3132 regunt
831 3048 993 3115 mirantia
1016 3053 1160 3135 pectora
1185 3044 1306 3129 vulgi?

462 3152 559 3220 Anne
583 3153 673 3220 sines
696 3160 854 3241 prostare
879 3155 982 3241 diem,
1006 3176 1073 3242 quo
1098 3153 1244 3242 Spiritus
1267 3152 1377 3217 almus

463 3262 610 3328 Pectora
633 3261 775 3329 coelesti
799 3261 959 3330 mortalia
982 3262 1112 3330 adussit
1135 3279 1265 3339 amore,

463 3369 506 3434 Et
528 3386 630 3452 quem
655 3369 877 3438 Christicolae
903 3374 983 3438 vota
1006 3371 1136 3457 pietate
1161 3369 1365 3436 celebrant:

464 3475 576 3560 Atque
601 3479 821 3546 Sacerdotem
846 3478 1018 3545 Francisci
1043 3477 1243 3563 insignibus
1267 3474 1395 3561 (audax

464 3584 666 3668 Exemplum
681 3586 703 3671 l)
728 3584 884 3651 indutum
911 3584 1009 3652 iuriis
1032 3584 1201 3669 agitarier
1224 3582 1309 3649 atris

463 3692 538 3774 lpse
563 3689 664 3772 sinas,
687 3692 898 3778 choreasque
925 3693 1036 3759 ferum
1060 3694 1238 3760 celebrare
1262 3689 1427 3756 nefandas

463 3794 636 3863 Fictitiam
660 3798 791 3867 circum
816 3801 1000 3871 frondem?
1025 3799 1169 3867 volitare
1193 3796 1353 3886 phrenesi

463 3904 688 3990 Lymphatam
713 3908 848 3993 plebem
872 3906 1086 3993 diramque
1111 3907 1295 3975 ululatibus
1318 3922 1420 3983 auras

463 4012 664 4094 concutere,
689 4016 724 4080 et
747 4013 931 4082 Libertatis
956 4017 1031 4083 leve
1054 4033 1197 4102 poscere
1222 4014 1372 4081 nument

462 4116 558 4184 Anne
582 4119 706 4186 timere
731 4121 813 4187 mihi
837 4122 1011 4189 renovatis
1035 4122 1153 4190 ordine
1178 4124 1281 4189 rebus

462 4223 668 4292 Eumenidas
691 4226 819 4312 Stygiis
843 4233 963 4316 ruptas
986 4229 1194 4312 fornacibus,
1218 4232 1336 4298 orbem

461 4331 685 4417 huguioomis
708 4337 840 4402 terrere
864 4335 935 4420 iriS,
959 4338 1182 4423 Thyadesque
1208 4336 1393 4418 timendae,
