3382 5362
741 368 939 436 -139-

312 516 453 596 Clamat,
477 511 522 595 io,
545 518 721 599 protector
744 511 789 592 10,
813 512 883 577 alto
907 530 1094 592 murmure,
1118 513 1244 595 Marce,

312 620 473 691 Proditor
495 625 530 688 et
553 626 672 708 pereat
695 618 858 706 quisquis,
883 619 1088 705 Respublica
1111 623 1214 688 salve.

311 733 446 799 Intonat
470 726 622 795 altisonis
646 732 761 795 vastus
785 725 991 793 clamoribus
1015 727 1144 794 aether.

311 843 386 926 lpse
410 835 547 924 quidem
570 838 721 922 plateam
746 837 865 921 repeto
889 837 1084 921 compulsus
1108 856 1237 921 amore,

311 949 416 1025 Quem
443 943 499 1011 vix
522 944 645 1010 hausta
668 961 745 1010 meo
765 940 889 1027 Juveni
912 943 1058 1011 dulcedo
1083 945 1207 1012 labello

311 1056 462 1122 Fuderat
484 1053 624 1138 expleto
648 1049 682 1116 in
706 1048 890 1135 flagrantia
912 1054 1055 1136 pectora
1081 1071 1169 1120 vase.

311 1166 403 1230 Tunc
427 1160 495 1228 tria
518 1160 626 1226 lustra
649 1159 745 1225 annis
768 1159 992 1224 numerabam
1012 1156 1138 1244 juncta
1161 1160 1305 1243 duobus,

311 1273 353 1338 Et
377 1269 435 1336 vix
459 1267 619 1352 tingebar
642 1267 737 1332 fulva
760 1263 922 1350 lanugine
946 1273 1110 1333 mentum.

310 1381 469 1447 Attamen
494 1375 567 1462 ipse
592 1373 709 1440 videns
732 1377 828 1442 tanto
854 1383 935 1440 tunc
958 1379 1080 1461 pectus
1103 1394 1221 1444 amore

309 1489 464 1556 lllectum
488 1481 618 1570 populi,
641 1483 811 1567 lacrymas
834 1479 964 1567 pietate
987 1482 1112 1550 refudi.

310 1598 533 1663 Commoveor
558 1589 681 1671 valide,
704 1587 876 1674 percurrit
899 1586 935 1655 in
960 1588 1090 1658 ossibus
1113 1591 1236 1659 horror

310 1701 443 1789 Quippe
466 1697 551 1767 meis
574 1696 721 1782 gelidus,
745 1694 815 1764 coit
838 1701 873 1763 et
895 1697 1078 1766 formidine
1102 1699 1252 1784 sanguis

311 1813 339 1880 O
362 1805 498 1896 quoties
520 1804 650 1892 gemui,
672 1808 707 1871 et
729 1808 892 1872 rorarunt
916 1807 1045 1873 lumina
1068 1809 1163 1891 fletu,

311 1919 353 1986 Et
377 1936 512 1984 mecum
536 1912 644 1982 tacita
668 1915 845 1982 volvebam
869 1913 952 1981 talia
975 1916 1109 1983 mente!

313 2029 484 2106 ODecus,
507 2043 527 2091 0
551 2019 774 2108 Genitrixque
799 2021 870 2104 llei,
892 2042 981 2109 quae
1004 2023 1097 2091 mille
1121 2043 1183 2111 per
1208 2042 1314 2091 annos

310 2139 347 2203 ln
371 2137 522 2202 Venetos
544 2133 643 2216 large
666 2129 830 2198 coelestia
854 2151 999 2200 numera
1022 2134 1169 2219 spargis

309 2243 405 2310 Nunc
428 2239 592 2308 miserere
616 2237 666 2306 tui
690 2239 803 2323 regni,
826 2239 989 2308 miserere
1013 2247 1163 2325 tuorum,

309 2352 422 2436 Atque
446 2352 545 2415 vetus
568 2350 707 2414 maneat
729 2351 847 2415 sancto
872 2349 1047 2417 fulcimine
1071 2369 1229 2435 regnum.

308 2455 509 2524 0011101111
534 2455 684 2540 plateam
709 2452 841 2520 cunctis
866 2474 909 2522 ex
933 2457 1089 2542 partibus
1114 2463 1236 2524 auctus

308 2565 529 2632 conclamans
552 2562 699 2647 populus
722 2580 850 2645 magna
873 2569 1054 2632 resonante
1078 2570 1229 2632 caterva.

308 2675 404 2743 Miles
427 2679 463 2741 et
487 2672 654 2757 lllyricus
677 2670 736 2757 qui
760 2671 882 2740 emisso
907 2694 950 2741 ex
974 2677 1113 2760 agmine
1138 2680 1257 2755 restat,

256 2821 259 2827 ·
308 2783 483 2866 Convenit,
505 2783 701 2869 populoque
725 2782 841 2850 minax
865 2803 900 2850 se
921 2784 1051 2870 junxit,
1074 2791 1109 2852 et
1133 2786 1268 2852 ardens

308 2895 469 2963 Pervolat
492 2891 527 2958 in
550 2891 668 2978 platea
691 2889 855 2959 districtis
878 2893 1014 2962 ensibus
1038 2913 1175 2980 urgens

307 3003 397 3080 Quos
421 3002 533 3090 agitat
556 2998 689 3068 dextris
711 3003 893 3087 querulum
916 3001 1048 3071 circum
1072 3023 1155 3073 aera
1178 3000 1323 3089 magnis.

307 3107 456 3198 Quisque
480 3108 663 3178 Jacobinus
685 3114 807 3197 pereat
830 3111 909 3198 (hoc
932 3112 1069 3180 nomine
1092 3112 1207 3197 signat

307 3217 369 3298 Qui
394 3219 549 3308 sequitur
572 3221 698 3301 Gallos,
722 3227 825 3305 atque
849 3219 955 3307 impia
979 3223 1145 3307 dogmata
1169 3223 1313 3310 foedus).

307 3327 456 3397 Fervida
479 3330 581 3397 turba
605 3328 686 3410 ruit,
709 3346 825 3395 sacras
848 3330 1006 3415 confugit
1029 3332 1073 3398 ad
1097 3333 1210 3410 aedes,

308 3437 510 3507 Sanctorum
534 3435 651 3522 rapuit
674 3435 868 3519 simulacra,
893 3457 954 3524 per
979 3430 1078 3507 omhe
1103 3439 1237 3506 viarum

308 3542 438 3632 Lignea
462 3546 496 3613 in
520 3544 700 3631 egregium
725 3551 843 3632 portat
867 3548 993 3615 vexilla
1017 3551 1233 3635 trophaeum.

308 3651 395 3722 Hinc
420 3653 535 3721 videas
558 3654 665 3722 Marci
689 3653 825 3738 signum
848 3657 1028 3742 praeferre
1052 3657 1202 3743 patroni,

308 3760 419 3847 Atque
445 3768 515 3843 tua,
539 3763 630 3828 alma
654 3765 792 3843 Parem,
815 3763 1000 3831 simulacra
1023 3774 1172 3850 augusta
1193 3766 1360 3829 feruntur.

308 3870 473 3936 Certatim
496 3868 597 3936 Ducis
621 3872 691 3936 alta
715 3881 836 3956 petunt
859 3873 1063 3958 penetralia,
1087 3891 1240 3940 amorem

309 3977 345 4042 ln
371 3980 480 4064 Caput
504 3976 606 4044 Vrbis
630 3984 731 4044 avent
755 3979 880 4047 sinceri
905 3984 1085 4048 ostendere
1111 3980 1270 4047 inustum.

308 4087 405 4153 Hunc
431 4086 533 4155 timor
557 4088 702 4174 impellit
725 4089 853 4155 laribus
877 4090 1065 4172 discedere,
1090 4094 1201 4158 tutum

308 4202 492 4284 Cornparat
515 4198 589 4285 ipse
615 4200 738 4281 locum,
763 4219 824 4266 nec
848 4203 899 4268 fas
923 4202 1078 4287 reperire
1104 4205 1279 4270 latentem.

308 4305 431 4374 Acrior
455 4306 507 4374 ira
530 4307 756 4395 subit-primo
780 4311 947 4377 frustrata
970 4312 1109 4382 labore:
