3382 5362
620 409 754 500 4133
776 449 821 461 ..

195 558 243 623 Vt
266 556 366 643 lupus
389 558 441 622 est
464 551 614 620 infensus
637 551 705 634 ovi,
729 557 767 619 ut
790 551 890 621 timet
912 555 985 641 ipse
1008 557 1150 623 colonus

194 661 365 748 Frugibus
389 666 425 728 et
448 665 568 728 ventos
591 663 879 746 tempestatesque
903 666 1090 730 nocentes:

196 769 249 838 Sic
273 769 374 837 Ducis
397 769 598 854 adspectum
622 765 811 833 timuerunt
834 773 977 854 pectora
1000 774 1165 838 nostrum.

196 880 274 944 Vox
298 876 483 963 trepidans,
506 877 690 958 oculosque
715 878 826 940 metus
848 878 995 943 suffusus
1018 878 1176 946 habebat.

196 984 261 1050 Sed
285 987 400 1051 tamen
424 980 570 1067 ingressi
594 998 723 1062 rursus,
746 998 825 1046 cum
848 983 950 1066 plena
974 989 1110 1051 teneret

196 1091 284 1158 Aula
306 1094 438 1171 Patres,
461 1089 496 1155 in
518 1107 581 1156 nos
604 1105 790 1155 conversus
812 1087 942 1174 frigida
965 1094 1079 1160 terror

196 1202 351 1268 Membra
373 1197 484 1285 quatit
507 1196 630 1278 subit0,
654 1199 838 1264 verborum
862 1202 897 1266 et
921 1219 1009 1268 vena
1032 1203 1197 1268 moratur.

196 1310 289 1385 Quae
313 1306 418 1374 vestis
442 1307 529 1372 talos
552 1305 723 1391 producta
746 1305 873 1371 fluebat
898 1307 942 1372 ad
965 1306 1052 1376 imos

199 1417 306 1492 Quam
329 1412 479 1481 mediam
503 1410 611 1480 nectit
634 1409 776 1495 cingens
799 1419 969 1497 argentea
994 1414 1090 1496 vitta,

196 1525 238 1590 Et
262 1526 368 1608 caput
391 1524 577 1606 augustum
601 1517 706 1587 crinis
728 1517 870 1586 fictitius
894 1540 1030 1604 ornans,

196 1633 342 1699 Cernere
368 1647 428 1697 nos
451 1625 608 1715 quamvis
632 1624 750 1712 primis
773 1628 984 1695 assuevimus
1006 1629 1114 1715 annis,

196 1737 294 1820 Quin,
317 1735 430 1804 causis
452 1739 633 1804 resonante
657 1734 745 1815 foro,
768 1739 907 1818 gestare
931 1738 1078 1806 solemus

196 1844 404 1932 Caussidici3
428 1848 543 1912 tamen
567 1847 603 1910 et
628 1844 740 1909 vultus
763 1843 984 1931 gravitasque
1007 1865 1130 1916 severa

196 1955 380 2042 Majestate
402 1953 520 2022 minax
543 1950 693 2021 excussit
716 1953 834 2034 corda,
857 1954 1018 2037 fatemur,

197 2067 240 2131 Et
263 2062 400 2152 penitus
423 2065 575 2130 nostram
598 2063 749 2128 mentem
778 2063 981 2131 turbaverat
1003 2069 1097 2146 ante,

197 2175 241 2240 Os
265 2173 493 2256 humerosque
516 2171 603 2236 Deos
625 2186 773 2253 regesve
797 2169 915 2239 videre
939 2178 1111 2259 putantes.

198 2284 382 2366 Postquam
406 2276 621 2346 constitimus
643 2279 810 2365 paullum,
832 2282 1036 2366 tempusque
1060 2280 1179 2349 timori

197 2393 400 2458 Concessum
425 2386 599 2471 extemplo
624 2383 715 2451 vires
738 2393 958 2471 revocantur,
982 2393 1017 2456 et
1040 2391 1155 2456 ardor.

196 2495 386 2582 Fungimur
410 2493 553 2563 officiis:
579 2491 709 2578 etjam
734 2492 817 2560 mihi
840 2514 1007 2582 prospera
1030 2498 1156 2564 credo:

196 2603 348 2672 Maxima
370 2622 427 2671 res
450 2605 575 2671 effecta
597 2601 753 2687 quidem:
779 2622 919 2690 sperare
942 2604 1025 2691 quid
1049 2608 1141 2672 ultra

196 2715 272 2795 FaS,
295 2710 359 2778 nisi
382 2712 473 2797 quod
496 2713 666 2796 superest,
689 2728 733 2776 ne
756 2710 962 2779 adversante
987 2712 1102 2799 objice
1126 2713 1268 2780 tardet?

197 2823 245 2888 Ne
269 2819 415 2901 dubites,
438 2817 590 2885 Gallinus
612 2815 673 2898 ait,
693 2815 768 2901 jam
793 2825 937 2904 pectora
960 2820 1096 2907 pridem

197 2932 404 2998 Cunctorum
427 2930 541 3010 teneo,
564 2944 653 3010 quae
676 2924 721 2992 sit
744 2928 916 2994 sententia
938 2929 1031 2997 novi·

196 3042 330 3124 Perque
354 3041 464 3116 tuum,
486 3033 545 3120 qui
569 3052 687 3102 omnes
709 3053 812 3120 reges
836 3038 1019 3121 exterruit,
1042 3057 1169 3120 ensem,
1234 3049 1240 3059 ’

196 3150 330 3234 Perque
355 3146 471 3225 decus.
494 3161 562 3227 quo
586 3141 763 3229 perpetuis
786 3145 1007 3215 ceiebrabere
1031 3145 1171 3229 chartis

196 3259 265 3324 Res
287 3251 390 3322 citius
412 3253 525 3332 cedet,
547 3269 650 3335 quam
674 3250 798 3333 credis,
820 3272 989 3341 prospera
1012 3255 1119 3325 nobis

174 3423 177 3430 .
198 3369 304 3432 Immo
327 3380 407 3429 suos
429 3380 496 3428 non
521 3360 677 3427 Phoebus
699 3379 806 3446 equos
829 3363 1012 3450 demerget
1035 3365 1069 3432 in
1094 3363 1204 3448 undis,

120 3500 123 3505 ’
197 3474 341 3542 AEthere
365 3489 429 3538 nec
452 3467 591 3554 nigrum
615 3469 720 3537 ducet
743 3488 811 3538 nox
834 3471 975 3540 humida
999 3477 1123 3544 velum.

197 3583 238 3651 Ni
261 3580 356 3670 prius
380 3576 516 3666 imperii
539 3578 667 3664 populo
691 3580 859 3648 concedat
882 3583 1033 3652 habenas

197 3690 315 3771 Adria,
338 3706 423 3775 quas
445 3685 495 3752 illi
518 3685 635 3773 rapuit
658 3685 692 3752 vi
716 3687 865 3774 turpiter
890 3689 980 3760 olim.

198 3797 252 3867 Sic
276 3798 336 3879 ait,
360 3800 395 3863 et
418 3799 593 3882 Bonapars
615 3814 731 3862 secum
756 3814 845 3863 nova
868 3800 998 3882 gaudia
1021 3802 1184 3888 captans:

124 3895 128 3903 ’
200 3907 280 3987 VoS,
302 3903 424 3991 inquit,
447 3902 579 3972 meritis
598 3901 675 3989 jam
698 3905 855 3990 praemia
877 3907 983 3992 digna
1006 3909 1136 3978 seretis.

197 4013 388 4080 Perdurate
412 4011 545 4093 animiS,
569 4019 604 4079 et
627 4015 800 4081 maturate
826 4017 1020 4083 tumultum.

198 4125 302 4188 Fatus
325 4119 397 4188 abit
420 4119 533 4202 citior,
555 4139 622 4206 quo
646 4121 772 4188 Martia
794 4141 939 4191 munera
962 4129 1119 4210 poscunt,

197 4233 310 4314 Atqm
334 4248 413 4295 suas
436 4232 598 4314 repetunt
621 4229 730 4314 legati
755 4232 932 4300 absolvere
956 4236 1087 4319 partes.

199 4341 337 4405 Interea
359 4341 481 4405 Patres
503 4336 609 4404 nimia
632 4337 772 4406 feritate
797 4340 947 4426 scelesti,
