3382 5362
660 470 837 536 ..65-

229 615 413 699 Occiderit,
436 614 538 684 citius
561 634 663 700 quam
688 619 864 682 maturare
889 611 1027 681 teneris

228 723 334 792 Adria
356 743 504 810 namque
527 722 590 791 tibi
613 725 801 819 spectanda
825 724 877 788 est
901 724 993 787 meta
1018 718 1193 808 triumphi.

228 830 313 900 Hinc
337 850 423 919 opus
445 850 608 914 assumes
631 831 761 898 indicta
784 829 915 897 tributa
939 829 1088 896 resolvet

228 941 290 1007 Illa
312 939 387 1022 tibi,
410 959 499 1027 quae
523 938 673 1021 divitias
696 956 867 1024 gazasque
891 938 1074 1024 parabunt.

228 1048 323 1116 Nunc
346 1067 427 1133 age,
450 1067 565 1134 pange
589 1046 706 1114 statim
730 1066 851 1133 pacem
876 1064 954 1114 cum
979 1047 1136 1127 Caesare,
1159 1045 1250 1113 dona

227 1155 392 1223 Adriacas
416 1158 530 1238 urbes,
552 1174 696 1240 sequere
721 1160 757 1224 et
781 1154 929 1240 vestigia
952 1152 1027 1221 sati.

227 1266 265 1329 ln
288 1265 433 1331 Romam
457 1282 554 1329 arma
577 1265 680 1345 terea,
703 1281 792 1347 quae
817 1260 1004 1329 Pastoralis
1027 1258 1165 1328 honoris

228 1372 287 1437 Est
310 1372 430 1456 Caput,
453 1373 557 1454 atque
581 1369 680 1435 Pium
705 1373 827 1436 cernet
850 1366 1013 1436 Valentia
1036 1367 1190 1451 Sextum,

227 1476 291 1553 Qui
315 1478 454 1544 tandem
478 1477 617 1561 oblongi
642 1476 748 1543 vitam
772 1475 842 1543 illic
866 1477 1002 1542 deseret
1026 1472 1115 1540 aevi.

226 1585 288 1652 Ast
311 1585 419 1652 eheu!
445 1584 602 1669 quamvis
626 1583 761 1651 vireant
784 1583 905 1651 rabido
929 1601 992 1650 ora
1016 1599 1159 1663 veneno,

227 1693 270 1759 Et
292 1691 374 1759 licet
398 1689 576 1773 auxilium,
600 1690 690 1758 vires
715 1690 905 1758 tribuamus
929 1694 964 1757 et
989 1706 1117 1769 omnes

227 1799 398 1887 invisique
423 1800 626 1867 Sacerdotes
650 1803 723 1867 toto
748 1803 831 1869 orbe
857 1802 1051 1885 vagentur3

227 1910 334 1976 Laeta
357 1909 484 1976 decore
508 1905 604 1974 dabit
627 1910 749 1976 Patres
772 1910 932 1996 amplexa
956 1908 1116 1974 Sacratos

228 2015 335 2084 Adria
358 2013 561 2084 Pontificem
585 2014 687 2083 simili
711 2018 754 2084 de
778 2016 915 2084 nomine
943 2014 1086 2094 dictum,

228 2129 266 2192 ln
288 2143 390 2211 quem
414 2125 539 2191 aderre
564 2143 695 2208 manua,
719 2126 826 2193 eheu!
853 2128 1061 2212 captumque
1085 2123 1205 2186 tenere
1314 2162 1316 2168 -

221 2232 280 2300 Nil
300 2231 415 2318 juvet,
438 2249 457 2297 o
482 2233 669 2317 Bonapars,
692 2232 805 2318 rnaj0r
830 2252 908 2300 nam
932 2233 1057 2298 dextra
1080 2228 1209 2294 tuetur.

228 2342 302 2426 Ipse
328 2336 538 2405 Parisiacam
562 2337 693 2406 accitus
717 2338 919 2426 properabit
941 2337 976 2403 in
1001 2336 1144 2417 Vrbem,

228 2450 275 2515 Vt
298 2444 448 2534 propriis
471 2449 563 2511 serto
588 2447 745 2513 manibus
768 2451 829 2514 tua
853 2452 1011 2532 tempora
1035 2443 1151 2522 donet,

228 2558 342 2642 thue
367 2552 429 2622 tibi
452 2556 628 2638 sceptrum
652 2560 778 2638 sacret,
802 2571 1016 2640 regnumque
1041 2550 1254 2636 opulentum.

227 2661 337 2730 Gallia
360 2665 396 2728 te
420 2663 564 2744 Regem,
588 2663 720 2744 Regem
746 2668 781 2729 te
805 2661 964 2728 OEnotria
987 2659 1089 2726 tellus

228 2768 434 2857 Conspiouos
458 2772 623 2833 venerata
648 2768 709 2835 tibi
732 2771 906 2856 persolvet
930 2768 1089 2844 honores,

229 2879 378 2965 Legibus
402 2882 506 2962 atque
533 2877 599 2944 tuis
622 2878 739 2944 humili
766 2878 902 2946 cervice
927 2879 1114 2964 premetur.

229 2986 352 3073 Aspice
377 2985 428 3053 bis
451 3004 550 3052 senos
573 2984 731 3052 stridenti
755 3005 931 3053 murmure
956 3000 1090 3061 corvos5

230 3100 319 3175 Quos
341 3100 443 3181 fugat
465 3095 645 3182 accipiter,
668 3097 793 3183 recipit
817 3101 957 3164 Verona
981 3096 1139 3177 lugatos3

228 3207 329 3274 Haud
352 3203 455 3272 aliter
479 3203 637 3288 viresque
661 3207 754 3284 tuae,
778 3206 952 3290 pubesque
977 3206 1117 3269 tuorum

228 3315 452 3382 Prosternent
475 3291 638 3393 Venetos
661 3316 830 3396 quotquot
854 3312 1077 3377 moderantur
1101 3308 1137 3371 et
1160 3305 1274 3370 urbes.

229 3420 270 3487 Ni
293 3421 421 3487 frustra
446 3419 631 3503 augurium
655 3419 773 3486 docuit
796 3438 850 3485 me
875 3422 991 3485 rector
1015 3412 1154 3481 Averni.

230 3530 326 3596 Nunc
349 3546 471 3615 perge,
494 3532 530 3593 et
553 3546 621 3611 qua
645 3532 678 3593 te
703 3526 798 3593 ducit
822 3527 889 3608 via,
912 3524 1025 3608 dirige
1049 3513 1199 3588 cirrsum.

162 3652 167 3661 ·
230 3634 382 3716 Dixerat,
404 3634 506 3720 inque
532 3636 623 3700 leves
647 3633 827 3700 llisaretus
852 3634 1010 3720 pervolat
1034 3647 1148 3697 auras.

229 3744 380 3810 Parvula
403 3741 452 3809 sic
475 3743 582 3807 rurbes
606 3743 702 3809 coelo
727 3744 913 3827 conspecta
936 3757 1059 3806 sereno
1152 3744 1164 3810 l

231 3849 392 3918 Perditur
416 3849 448 3914 in
473 3868 632 3933 vacuum,
656 3848 770 3916 radios
794 3850 875 3914 dum
899 3847 1012 3914 viluat
1036 3845 1169 3930 Apollo.

231 3957 414 4044 Obstupuit
437 3960 624 4042 Ronapam,
647 3976 870 4040 gressumque
895 3957 939 4022 ad
963 3952 1099 4020 moenia
1122 3949 1244 4034 tendit,

230 4064 412 4131 Austriaco
437 4081 558 4150 pacem
582 4064 669 4148 Regi
696 4083 889 4150 proponere
913 4066 1103 4149 promptus.

163 4164 164 4168 ’
231 4171 318 4239 Hinc
342 4179 498 4239 oratores
521 4172 673 4237 delectos
697 4171 816 4238 ordine
840 4173 883 4237 ab
908 4169 1001 4237 omni

232 4284 285 4346 lre
306 4278 408 4364 jubet
431 4278 564 4363 rapide,
587 4281 775 4346 Gerunanos
798 4298 941 4365 poscere
966 4295 1100 4364 pacem.

231 4388 301 4455 Hos
323 4385 414 4453 inter
437 4385 702 4453 llassorra·<lolis
726 4385 912 4453 instructus
936 4385 970 4451 in
995 4385 1077 4450 istas
