3382 5362
741 357 921 423 ..72-

312 497 346 565 Si
370 518 439 584 qua
463 518 552 566 nova
575 499 747 581 eveniant,
770 518 909 584 qrraeso,
932 502 1164 587 complectere
1188 496 1337 586 scriptis,

312 607 361 672 Vt
384 604 533 672 monitus
557 606 689 672 valeam
714 604 853 674 moestis
876 624 1080 674 succurrere
1104 607 1215 674 rebus

311 714 340 780 0
363 713 499 780 cuinam
525 715 687 781 mandata
710 714 776 780 fuit
800 716 867 780 Res
890 713 1027 799 publica
1051 713 1139 780 civi!

312 823 396 887 Arte
420 820 573 907 dolisque
597 841 693 888 suam
717 821 857 889 simulat
880 822 1017 889 llattaia
1040 826 1212 889 mentem:

312 930 396 994 Nam
421 927 516 1015 prius
540 928 701 1013 ignarum
726 932 838 995 motus
862 947 898 995 se
922 930 1120 997 ostenderat
1143 927 1267 1015 hujus:

311 1039 435 1103 Postea
458 1037 644 1123 persuadet
668 1054 797 1122 paucas
820 1054 995 1122 opponere
1021 1037 1123 1121 vires

312 1147 395 1211 Dum
420 1142 569 1229 patriam
594 1142 676 1210 totis
698 1142 792 1211 cives
815 1144 1002 1212 defendere
1027 1147 1174 1212 vellent:

311 1254 515 1336 lntereaquc
540 1250 697 1319 Octolino
721 1251 786 1319 hoc
810 1250 1006 1318 discrimine
1031 1254 1160 1320 nullum

206 1392 210 1405 ·
311 1361 469 1426 Praestat
493 1357 684 1441 consilium,
708 1361 744 1425 et
767 1376 822 1425 res
842 1356 916 1443 jam
941 1358 1111 1446 procedit,
1133 1363 1172 1427 ut
1196 1361 1305 1446 optat.

312 1468 397 1534 Nam
422 1464 517 1533 venit
539 1464 615 1552 ipsa
638 1465 723 1547 dies,
746 1467 875 1534 fulmen
899 1486 967 1553 qua
990 1466 1163 1554 rumpitur
1186 1476 1323 1534 atrum:

310 1577 386 1662 lpse
411 1575 577 1641 tumultus
601 1592 707 1641 ovans
730 1575 823 1642 nullo
849 1574 1017 1642 velamine
1041 1576 1152 1643 fertur

310 1683 378 1751 Per
400 1684 489 1765 tora,
510 1700 642 1769 perque
667 1680 761 1749 vias:
786 1682 896 1749 Arbos
920 1681 1097 1751 extollitur
1121 1687 1208 1750 atra.

309 1794 451 1861 Centum
476 1792 584 1860 eheu!
611 1790 763 1875 fuerunt,
787 1789 902 1859 decies
927 1796 963 1861 et
985 1792 1135 1880 quinque
1159 1792 1325 1874 virorum,

310 1898 374 1978 Qui
398 1900 489 1968 mala
512 1901 609 1967 tanta
632 1901 769 1985 parant,
793 1900 902 1965 malus
927 1903 963 1967 et
986 1901 1056 1968 dux
1080 1898 1246 1969 Lecchius
1268 1898 1345 1968 illis.

309 2006 477 2091 Libertas
499 2011 535 2074 ot
557 2005 591 2074 io
615 2008 792 2093 Bonapars
815 2010 897 2074 tunc
921 2007 1055 2095 perfida
1078 2012 1180 2077 turba

308 2118 450 2198 Clamat,
473 2118 508 2184 et
532 2113 566 2182 in
590 2117 742 2182 Venetos
766 2114 918 2182 amentia
938 2115 1062 2202 jurgia
1085 2120 1207 2185 Patres

308 2226 472 2310 iactitat..
485 2230 589 2313 atque
613 2230 708 2295 metu
731 2227 837 2308 nullo,
860 2228 1021 2313 nulloque
1045 2230 1176 2316 pudore

309 2339 382 2404 Itur
405 2335 439 2404 in
463 2354 563 2403 omne
587 2336 693 2402 nefas.
718 2336 813 2401 Heul
840 2335 974 2401 fructus
998 2335 1153 2404 amabilis
1177 2334 1232 2403 nic
1256 2338 1309 2402 est

308 2443 371 2511 Hic
395 2441 579 2510 Libertatis
602 2442 684 2510 licta
707 2440 888 2508 dulcedine
912 2442 1044 2510 fallens.

308 2555 385 2620 Vna
409 2549 547 2636 quidem
572 2549 657 2616 hora
680 2544 756 2627 tibi,
779 2567 848 2632 qua
872 2549 1043 2617 excedere
1067 2549 1230 2635 llergomi
1245 2550 1289 2616 ab
1309 2550 1393 2616 urbe

309 2661 386 2741 Fas
409 2654 577 2738 Octoline‚
599 2657 697 2723 arcto
721 2674 763 2721 ne
787 2653 834 2721 sis
857 2657 1024 2742 compede
1049 2656 1193 2725 vinctus.

310 2769 447 2834 Interea
470 2768 646 2851 Bonapars
669 2763 763 2831 civili
787 2762 930 2831 crimine
954 2766 1120 2850 gaudens

309 2871 451 2961 Aspicit,
475 2874 579 2957 atque
602 2869 697 2958 capit
722 2872 819 2938 vultu
843 2889 932 2939 nova
956 2870 1086 2957 gaudia
1109 2891 1223 2941 saevo.

310 2981 365 3049 Sic
388 2982 515 3068 LupuS,
538 2978 573 3046 in
597 2978 706 3066 pratis
728 2979 880 3065 pecudes
904 2979 985 3047 dum
1008 2981 1129 3049 ludere
1153 2978 1276 3063 cernit,

235 3128 237 3133 ·
308 3092 447 3158 AEstuat
470 3086 637 3173 ingluvie,
659 3085 773 3154 densis
796 3085 831 3153 in
855 3086 1016 3174 vepribus
1040 3088 1172 3171 haeret,

309 3199 357 3266 Ne
382 3200 499 3284 pastor
524 3194 662 3263 videat:
686 3195 714 3262 si
738 3213 812 3263 sors
835 3194 1006 3281 objecerit
1029 3201 1149 3285 aptum

309 3313 467 3398 Tempus,
489 3306 699 3375 mandendas
722 3305 828 3375 celeri
851 3306 939 3393 pede
964 3307 1075 3376 currit
1098 3309 1143 3376 ad
1167 3323 1285 3394 agnae.

308 3420 415 3487 Fama
438 3435 501 3505 per
524 3415 697 3483 aetherias
720 3415 807 3482 haec
831 3412 920 3482 inter
944 3417 1125 3502 praevolat
1148 3434 1253 3484 auras

283 3523 504 3614 Promptior
528 3541 636 3610 usque
661 3522 743 3590 mali
767 3522 979 3608 praenuncia
1002 3523 1130 3593 tristis:
1155 3523 1190 3591 in
1214 3526 1345 3593 Vrbem

310 3635 488 3705 Mobilibus
511 3636 682 3701 Venetam
706 3629 828 3728 pennis
851 3629 1049 3699 descendit:
1076 3638 1112 3701 ln
1136 3650 1196 3701 ore

310 3751 514 3817 innumerae
538 3743 689 3827 plumae,
712 3740 856 3826 pedibus
879 3742 1034 3824 figuntur
1058 3745 1093 3809 et
1117 3744 1194 3810 alae

310 3853 449 3944 Spargit
474 3854 508 3918 et
533 3847 720 3916 innumeris
744 3848 874 3915 circum
899 3851 991 3915 mala
1014 3848 1127 3918 tristia
1151 3849 1287 3935 linguis

309 3965 402 4032 Tunc
427 3961 554 4050 populo
579 3956 727 4024 Adriaco
751 3955 886 4039 gelidus
909 3976 972 4043 per
996 3963 1121 4025 cuncta
1144 3955 1298 4025 cucurrit

311 4072 395 4140 Ossa
419 4073 561 4147 tremor,
583 4065 748 4130 maduere
772 4081 896 4148 genae,
919 4065 1016 4132 dolor
1039 4063 1148 4132 inlicit
1173 4083 1245 4132 ora.

309 4176 473 4245 Pervenit
496 4175 540 4241 ad
564 4175 686 4239 Patres
709 4168 888 4257 scriptum,
911 4176 1058 4239 coeunte
1083 4174 1222 4251 Senatu,

310 4285 406 4366 Quod
431 4284 604 4370 nequeunt
630 4277 726 4365 vigili
750 4278 929 4367 Sapientes
953 4281 1082 4348 abdere
1106 4298 1223 4349 curae.
1318 4337 1321 4342 .
