3382 5362
875 421 1053 488 ..42-

441 565 563 634 irenen
587 566 765 635 indaturn:
791 567 950 653 lynrpirao
975 564 1024 632 sic
1049 563 1190 650 turgido
1213 568 1327 650 gutta,

440 676 546 750 erarn
573 695 659 760 puer
683 674 833 742 irnrnisso
857 674 1070 740 distenderat
1094 679 1175 738 adro
1201 674 1331 755 ludens,

444 780 631 863 inaug-itur
655 786 801 864 attactu,
825 781 857 847 in
882 801 950 866 «pro
975 784 1146 866 pernutat‚
1169 780 1260 846 airis
1284 799 1362 847 uno.

443 888 592 970 Parcite,
616 888 643 954 si
669 889 763 956 vobis
786 887 944 957 ardentia
968 890 1074 953 verta
1099 888 1255 968 retinulo,

441 995 554 1062 Dulcis
577 1016 674 1064 arnor
698 995 832 1083 patriae
859 1014 960 1061 voces
985 993 1066 1059 rnilri
1090 994 1244 1080 suppetit
1267 994 1359 1063 istas,

443 1103 581 1186 Palluit,
604 1109 639 1170 et
662 1103 778 1187 gelido
802 1102 957 1188 quatitur
981 1105 1115 1167 terrore
1140 1101 1296 1183 Senatus

443 1212 628 1296 Postquain
653 1209 820 1278 conticuit
845 1212 964 1294 lector,
988 1228 1061 1276 rern
1086 1210 1282 1294 expendere
1308 1226 1468 1293 magnoin

446 1321 539 1383 Tunc
563 1337 637 1385 sese
661 1316 849 1402 accingunt
873 1335 1000 1384 ornnes,
1026 1319 1111 1382 itata
1134 1315 1235 1403 copia
1258 1315 1351 1385 sandi
1375 1319 1427 1385 est

443 1425 598 1505 Pisauro‚
620 1423 722 1509 cujus
745 1426 882 1491 navens
906 1422 939 1489 in
964 1425 1105 1509 pectore
1130 1424 1330 1490 honesturn:

445 1536 536 1600 Dura
560 1532 697 1618 quidenr
722 1551 789 1613 res,
813 1535 848 1598 et
872 1530 951 1599 belli
976 1530 1026 1596 vis
1050 1530 1209 1616 proxima
1232 1530 1328 1615 cogit

446 1643 589 1708 drinato
614 1645 747 1709 nostros
772 1642 841 1708 late
866 1641 950 1706 t'ines
973 1640 1115 1706 custode
1140 1638 1243 1721 tueri,

446 1748 688 1834 Militibusque.
713 1751 832 1816 ittorae
856 1751 1084 1833 rurnpantur:
1109 1746 1256 1833 perdere
1281 1748 1417 1834 ternpus

448 1855 556 1923 Triste
582 1858 672 1924 foret
696 1855 792 1923 nobis
816 1873 837 1920 a
862 1858 1002 1939 tergore
1028 1852 1232 1920 habentibus
1254 1854 1378 1921 hostes.

447 1963 604 2049 Quisquis
628 1965 671 2030 ad
695 1983 794 2030 arina
816 1964 920 2043 volet,
944 1960 1118 2047 celerique
1144 1961 1177 2027 in
1202 1961 1335 2047 proelia
1358 1980 1459 2030 eursu

449 2069 685 2158 Praecipitare
710 2071 822 2150 decet,
846 2075 1000 2136 nostruin
1025 2072 1063 2134 ut
1086 2087 1262 2135 servemus
1285 2069 1463 2137 honorem.

450 2176 483 2245 Si
506 2196 616 2259 secus
639 2179 706 2246 hen
731 2180 883 2244 Venetos
906 2176 1036 2242 frustra
1059 2176 1186 2243 deflere
1210 2175 1361 2262 potentis

451 2287 629 2354 Excidiurn
655 2287 801 2373 patriae,
828 2291 1041 2370 venturaque
1066 2280 1138 2351 sata
1161 2285 1306 2372 pigebit.

450 2393 706 2478 Quinquaginta
730 2392 815 2459 rnari
840 2398 892 2459 est
916 2392 1012 2460 notris
1036 2393 1120 2460 dare
1144 2395 1222 2460 vela
1245 2397 1409 2479 potestas

450 2501 536 2579 Quin
560 2503 682 2567 navale
707 2499 775 2566 suis
801 2500 974 2567 minuatur
1000 2499 1148 2567 virilius:
1173 2500 1265 2567 istud

451 2612 568 2676 Nonne
592 2611 635 2676 ad
661 2627 746 2696 opus
770 2607 998 2695 septingentis
1023 2628 1041 2674 e
1066 2606 1221 2691 navibus,
1244 2610 1386 2696 amplas

452 2717 553 2796 Queis
577 2719 745 2787 revehunt
769 2718 863 2785 cives
887 2717 1074 2803 longinqua
1098 2738 1161 2803 per
1185 2738 1338 2803 aequora
1361 2738 1505 2800 rnerces

452 2826 633 2911 Colligere,
657 2830 692 2892 et
717 2829 838 2892 nautas
862 2825 962 2892 [acilo
990 2827 1088 2893 inodo
1113 2845 1292 2912 possumus
1316 2828 1442 2913 aptos?

453 2938 569 3003 Nonne
595 2939 687 3001 rates
710 2933 798 3000 aliae
824 2931 929 3014 notris,
954 2936 990 2999 ot
1015 2932 1172 3000 rnacnina
1196 2936 1360 3017 abundat,

453 3046 634 3131 Suiplrura‚
657 3042 763 3127 ligna,
787 3041 927 3122 nitrunr,
950 3042 1093 3126 ierrunr,
1118 3041 1414 3129 instrumentaque
1433 3040 1540 3110 pellit

454 3156 571 3220 Nonne
597 3151 692 3218 brevi
717 3149 968 3236 quinquaginta
991 3151 1035 3216 de
1060 3149 1152 3218 inille
1178 3150 1330 3218 virorurn

454 3263 506 3328 Ex
530 3259 635 3339 Italis,
658 3263 762 3344 atque
787 3255 932 3343 illyricis
956 3276 1163 3344 componere
1188 3260 1307 3327 turbas

454 3371 520 3437 Fas
543 3375 607 3450 est,
631 3370 666 3434 et
685 3365 854 3452 juvenum
878 3365 1007 3433 dociles
1031 3366 1220 3434 certamine
1245 3365 1362 3434 vires?

454 3479 530 3544 Heu
554 3474 707 3555 nirniurn‚
731 3477 863 3556 Patres
887 3473 1100 3541 erravirnusi
1127 3473 1181 3543 nic
1206 3476 1302 3542 tabor
1327 3492 1414 3542 unus

456 3587 522 3653 Nos
546 3588 662 3651 rnanet
686 3602 840 3650 errorern
864 3584 971 3650 sortes
995 3584 1181 3667 detergere
1206 3588 1343 3670 turpern

455 3693 535 3772 Quis
559 3690 668 3759 noscit
692 3710 790 3757 sacro
815 3693 928 3774 Reges
952 3710 1030 3757 curn
1056 3691 1196 3758 i'oedere
1222 3691 1364 3772 vinctos,

457 3804 505 3871 Vt
528 3798 644 3887 populi
669 3817 804 3884 senrper
831 3801 992 3864 tueantur
1012 3796 1096 3882 jura
1121 3798 1286 3865 tenaces?

459 3916 525 3978 Cur
549 3910 668 3989 norun,
692 3907 794 3992 inque
819 3907 897 3972 aida
921 3905 1068 3989 fulgenti
1093 3905 1243 3972 assidere
1269 3903 1365 3973 notris

457 4017 659 4086 Concessum
684 4036 705 4079 a
728 4014 854 4100 popndo
879 4017 943 4094 est,
966 4013 1081 4080 renuit
1104 4013 1161 4098 qui
1187 4018 1336 4100 sceptra,
1357 4032 1534 4097 coronam,

459 4124 552 4192 lilius
575 4130 615 4190 ut
638 4121 751 4188 studio
778 4120 898 4205 vigiles
922 4140 984 4187 sua
1004 4119 1089 4206 jura
1113 4123 1277 4188 tuantur?

459 4235 577 4299 Nonne
602 4229 681 4297 oiinr
710 4233 862 4296 Venetus
886 4228 981 4296 vobis
1005 4250 1066 4296 sna
1089 4234 1228 4317 sceptra
1252 4227 1396 4312 remisit,

459 4338 713 4428 irnperiurnque
737 4358 836 4406 suurn
860 4340 1017 4426 populus,
1041 4356 1077 4407 se
1103 4340 1210 4406 iidere
1235 4336 1331 4406 vobis
1401 4426 1405 4441 Ι
