3382 5362
741 367 918 434 43...

307 513 498 579 Elabuntur
522 511 629 593 humi,
652 514 756 596 atque
780 529 844 596 per
867 509 1050 578 intervalla
1073 516 1256 580 moventur

308 627 427 706 Longa
450 620 562 702 nimis
585 619 760 704 vitamque
784 619 937 702 trahunt,
961 641 1160 708 anguesque
1184 625 1339 709 putares,

308 735 335 801 Ο
360 729 491 798 utinam
515 730 602 795 tales
624 727 780 796 homines
805 729 884 794 tuno
908 728 981 794 fata
1004 736 1194 814 vorassent,

307 842 377 907 Aut
399 837 475 904 illos
498 837 633 916 saltem,
656 833 770 901 oordis
793 852 878 919 quos
901 855 1011 920 prava
1035 838 1162 925 cupido

308 946 427 1015 Traxit
451 944 548 1011 adire
572 943 680 1023 nefas,
704 944 758 1009 vel
782 961 867 1028 quos
890 945 1126 1014 moderamina
1150 967 1279 1030 rerum,
1332 1021 1336 1025 ,

308 1062 435 1142 Jusque
459 1070 565 1139 penes
588 1052 727 1117 fuerant
750 1053 1121 1141 Venetum‚,legesque
1145 1058 1325 1124 sacratae!

309 1164 426 1245 Adria,
449 1160 478 1228 si
501 1158 645 1227 istorum
669 1157 820 1225 crudelis
843 1161 932 1227 colia
955 1163 1107 1232 dedisses

308 1274 483 1343 Lictorum
506 1268 622 1334 ferro:
647 1265 675 1333 si
699 1285 802 1347 nuno,
824 1287 914 1352 quae
938 1270 1079 1357 Sarpius
1102 1272 1159 1341 ille

308 1390 354 1452 Te
378 1380 549 1468 quondam
573 1375 703 1456 docuit,
726 1376 914 1463 sprevisses
938 1381 1100 1466 dogmata
1127 1383 1238 1466 fortis,

308 1489 415 1559 Adria
438 1505 529 1555 nuno
552 1489 674 1566 stares,
697 1483 802 1550 maris
826 1487 862 1551 et
884 1487 1020 1572 Regina
1043 1510 1201 1559 maneres

307 1598 465 1668 Forsitan
490 1602 565 1662 esse
587 1595 712 1679 potest,
735 1592 826 1675 quod
852 1595 949 1659 tanta
972 1593 1104 1663 insania
1127 1602 1279 1666 mentem

308 1708 363 1777 Sio
385 1701 532 1774 hominis
556 1701 682 1784 laedat,
706 1698 865 1786 proprios
888 1704 927 1768 ut
949 1708 1091 1789 spernat
1113 1706 1272 1790 honores

307 1821 374 1886 Pro
398 1811 535 1884 domino
559 1827 679 1877 servus
702 1808 774 1892 fiat,
797 1828 861 1895 pro
885 1829 971 1895 rege
994 1814 1156 1882 subactus

308 1925 434 2013 Sponte
458 1939 532 2001 sua,
555 1917 736 2002 studioque
761 1915 855 1983 levit
879 1917 955 2003 quis
978 1922 1139 1989 erederet
1161 1921 1339 2009 uuquam?

309 2031 361 2100 Nil
386 2029 524 2110 mirum,
547 2023 707 2092 Juvenis:
733 2043 880 2110 namque
905 2026 970 2094 hoo
993 2027 1027 2094 in
1052 2031 1209 2118 tempore
1233 2050 1365 2098 morem

307 2145 451 2209 Prorsus
476 2136 601 2203 ounota
625 2152 750 2200 novum
774 2151 895 2200 cernes
918 2136 1115 2222 sumpsisse,
1137 2140 1356 2225 modumque.

308 2251 401 2317 Neve
424 2248 525 2333 putes
549 2259 666 2309 omnes
690 2244 856 2326 corrupta
879 2246 995 2310 mente
1019 2245 1140 2327 ruisse,

308 2354 480 2440 Gallisque
504 2352 707 2417 haerentes:
732 2352 871 2433 poterat
894 2369 950 2417 res
974 2356 1091 2420 nostra
1114 2357 1264 2423 salutem

308 2469 360 2534 Ex
383 2463 450 2532 illis
472 2478 614 2548 sperare
639 2456 733 2538 viris
756 2455 853 2542 queis
876 2463 1020 2545 pectora
1043 2463 1144 2530 firmo

311 2572 505 2641 Fervebant
528 2567 654 2647 animo,
677 2565 812 2652 patriae
838 2564 1013 2652 vitamque
1035 2570 1216 2638 vovissent.

313 2682 378 2750 Sed
402 2678 496 2766 quid,
520 2675 547 2742 si
571 2675 736 2760 superant
759 2671 900 2739 infensis
924 2676 1084 2744 cordibus
1107 2679 1247 2746 hostes?

308 2793 377 2857 Hos
400 2789 530 2866 demas
554 2782 639 2850 alios
662 2782 838 2868 perfracto
862 2800 958 2850 more
984 2783 1115 2853 videbis

309 2901 377 2964 Per
400 2894 512 2962 seelus
535 2895 639 2976 atque
664 2889 772 2969 nefas
795 2889 1091 2978 dedignantesque
1116 2895 1284 2980 pudorem
1357 2923 1360 2930 ’

308 3002 460 3090 Longius
482 2996 650 3085 exemplis
672 3015 882 3083 proavorum
906 3001 1093 3069 abscedere
1117 3002 1278 3070 honestis.

308 3112 432 3199 Aspice
457 3111 541 3194 quot
564 3106 671 3173 fessos
694 3107 835 3171 teneant
858 3124 1044 3194 somnoque
1069 3113 1245 3195 gravatos

308 3220 365 3289 Lis
387 3219 468 3286 dum
493 3213 622 3300 agitur,
645 3212 844 3280 defensores
866 3215 1026 3284 subsellia
1049 3219 1166 3304 legum

308 3329 364 3396 Lis
387 3331 503 3393 tamen
528 3324 580 3391 est
602 3339 741 3408 anceps,
764 3319 830 3387 ista
853 3321 1056 3408 subjudice
1081 3325 1209 3395 lisest.
1320 3309 1325 3317 ’

309 3434 441 3519 stertit,
465 3435 501 3501 et
523 3428 644 3498 infelix
668 3432 737 3495 stat
760 3446 845 3510 sors,
870 3431 923 3497 vel
947 3432 1061 3500 fausta
1085 3434 1248 3502 clientum

310 3543 525 3615 Gaussidious
549 3537 676 3624 linguis
699 3538 814 3606 favet:
840 3541 1096 3626 expergiscitur
1121 3544 1190 3627 ille,

307 3657 485 3722 Murmure
509 3667 590 3716 mox
613 3648 728 3714 faoto:
753 3645 876 3713 dubius
899 3650 1067 3735 suffragia
1090 3652 1212 3720 eredit.

309 3762 404 3838 Quod
428 3776 538 3845 genus
561 3757 626 3822 hoo
646 3752 738 3838 juris
761 3755 953 3822 reddendi?
977 3759 1094 3842 dieite,
1118 3765 1238 3847 turpes

310 3871 385 3936 Jam
409 3866 492 3948 seio,
515 3867 606 3950 quod
631 3864 743 3932 tenuit
766 3867 800 3930 te
824 3864 990 3933 damnosa
1013 3869 1091 3934 alea
1114 3886 1259 3954 pernox,

310 3981 459 4060 Cumque
484 3973 558 4041 aliis
583 3974 727 4040 suadent
750 3971 903 4038 labentia
925 3973 1051 4057 sydera
1074 3994 1221 4056 somnos

310 4088 403 4150 Tuno
428 4080 589 4164 versaris,
613 4080 670 4148 ubi
695 4082 783 4147 olam
808 4081 968 4165 expletur
992 4082 1095 4149 foeda
1120 4084 1289 4169 voluptas,

310 4192 417 4268 Quam
441 4189 569 4257 lasciva
593 4188 655 4255 tibi
679 4190 833 4273 Phrynes
855 4188 1032 4274 praesudit
1055 4189 1090 4255 in
1113 4209 1200 4259 ossa.

315 4303 421 4385 Inque
444 4296 518 4366 dies
541 4296 648 4366 vertis
671 4299 799 4365 noctes.
824 4299 869 4364 Te
894 4298 976 4383 quid
997 4296 1102 4383 juvat
1124 4317 1224 4388 uxor,
