3382 5362
739 426 938 492 -113-

282 570 289 576 “
317 570 415 634 Jussa
438 567 532 650 mibi,
555 571 702 637 mortem
727 571 779 635 est
802 567 886 636 civis
910 573 1131 639 contemnere
1155 573 1298 642 bonesti.

317 674 394 761 Eja,
417 675 495 761 feri,
518 695 561 744 en
585 679 718 762 pectus,
741 677 893 743 salvetur
916 676 1031 763 patria
1054 680 1197 746 tantum.

317 787 352 853 Si
374 786 523 873 patriam
548 786 642 874 turpi
666 788 873 854 maculatam
898 787 1041 856 erimine
1065 807 1194 875 censes,

319 895 424 961 Obses
447 913 519 976 ero,
543 892 716 980 timeoque
742 893 824 961 nihil
849 895 1066 963 committere
1091 895 1197 964 vitam

319 1006 394 1088 lpse
419 1021 530 1069 meam
554 1001 637 1070 tibi:
662 1000 690 1068 si
714 1001 841 1083 re'nuiS,
865 1021 930 1069 non
955 1002 1108 1071 crederis
1130 1005 1241 1073 beros.

319 1113 412 1176 Tunc
435 1113 551 1197 stupet
573 1108 740 1176 attonitus
762 1113 949 1196 Bonapars
972 1110 1030 1196 qui
1053 1129 1197 1179 cernere
1225 1132 1399 1200 nunquam

317 1220 393 1282 Jam
418 1215 536 1283 solitus
560 1216 674 1282 tuerat
698 1214 862 1283 virtutem
885 1220 1027 1303 pectore
1052 1221 1195 1299 tantam,

317 1322 447 1408 Quique
472 1321 591 1407 nequit
615 1321 738 1389 fovisse
762 1322 912 1408 quidem,
936 1323 1000 1390 nisi
1025 1322 1117 1405 vilia,
1140 1325 1271 1392 foedus.

317 1429 475 1496 Constitit
497 1429 554 1496 ille
579 1434 715 1497 tamen:
740 1434 860 1517 stupor
884 1450 946 1500 ora
968 1429 1136 1497 minantia
1158 1433 1264 1514 laxat,

316 1540 371 1603 lra
395 1536 501 1604 etiam
524 1535 643 1627 friget,
668 1536 782 1603 verbis
805 1543 840 1604 et
864 1537 1020 1605 dulcibus
1043 1537 1112 1619 ille,

315 1642 567 1730 Blanditiasque
590 1644 681 1710 inter
704 1642 850 1712 miscens
873 1643 1042 1732 perjuria,
1065 1664 1129 1712 nec
1152 1663 1219 1712 uon

317 1751 497 1818 Associans
521 1753 662 1818 dextras
684 1750 817 1819 ludenti
840 1752 979 1820 foedere
1004 1750 1112 1819 dixit:
1219 1749 1239 1825 Ϊ

315 1859 455 1925 Mantua
477 1878 533 1926 me
558 1862 733 1945 expectat,
757 1864 871 1927 vestro
896 1859 1029 1927 deserte
1053 1859 1189 1944 senate,

315 1967 411 2042 Quod
437 1969 525 2050 volo,
548 1971 639 2055 quod
659 1968 789 2054 jubeo:
814 1967 915 2037 citius
939 1987 1102 2056 responsa
1125 1968 1293 2038 serantur.

317 2072 350 2141 Si
374 2074 533 2144 annuerit
557 2078 693 2163 placida
715 2074 877 2162 quaesitis
901 2074 1008 2143 Adria
1031 2081 1158 2158 mente,

319 2184 419 2250 Vltus
443 2187 477 2251 et
501 2186 660 2271 exemplo
684 2185 728 2252 sit
751 2186 866 2252 Gallus
888 2183 1029 2270 sanguis
1050 2186 1188 2266 acerb0,

315 2291 458 2378 Hospita
481 2310 582 2376 quem
606 2292 731 2378 sparsit
754 2296 875 2360 contra
894 2293 954 2378 jus
977 2309 1077 2360 omne
1101 2293 1254 2361 scelestis

316 2399 422 2466 Terra
445 2398 566 2480 modis
588 2399 646 2485 qui
671 2403 706 2467 et
729 2402 841 2468 adhuc
864 2400 951 2468 iram
972 2400 1047 2486 jam
1071 2401 1196 2466 clamat
1219 2399 1358 2484 inultus

315 2505 436 2574 Omnia
458 2506 624 2593 promitto
648 2509 801 2590 Venetis,
824 2509 994 2576 tutamina
1016 2509 1117 2574 firma

315 2612 384 2679 lllis
407 2613 594 2681 concedam
619 2613 740 2696 facilis,
764 2618 983 2702 Venetusque
1008 2633 1165 2682 reversas

316 2722 383 2786 Sub
408 2719 536 2788 ditione
560 2739 621 2786 sua
644 2723 782 2790 tandem
805 2721 987 2790 mirabitur
1011 2725 1125 2803 urbes,

311 2828 479 2913 Almaque
502 2847 572 2914 pax
596 2824 701 2894 etiam
726 2829 869 2896 Venetis
891 2833 1011 2917 optata
1035 2827 1171 2896 redibit.

313 2937 418 3024 Signa
441 2937 527 3005 meis
549 2957 679 3025 quaero
705 2939 817 3007 verbis
840 2940 868 3006 si
892 2940 1044 3022 creditis,
1068 2941 1172 3006 ullam

312 3048 385 3113 Non
409 3048 493 3113 dant
516 3065 615 3112 arma
638 3046 760 3113 fidem:
785 3047 885 3116 video
910 3067 970 3116 vos
992 3047 1101 3114 milite
1125 3048 1230 3116 denso

311 3155 469 3240 Vndique
493 3140 719 3238 Francigenis
743 3157 863 3223 urbem
887 3155 1034 3224 cinxisse
1058 3153 1236 3222 minantes.

310 3263 483 3328 Curnamt
507 3279 595 3346 quae
620 3264 806 3330 metuenda
829 3264 994 3331 manent?
1017 3262 1100 3328 mihi
1124 3261 1258 3330 credite
1278 3264 1373 3346 veru,

310 3368 457 3450 Credite,
481 3370 657 3436 Gallorum
681 3370 897 3456 perquiritur
920 3371 1005 3438 ultio
1030 3373 1175 3438 tantum.

311 3474 365 3542 Sic
388 3474 439 3541 ait
462 3474 608 3542 infamis.
633 3477 743 3543 Caeca
766 3476 916 3562 caligine
941 3477 1018 3558 fusi,

309 3580 429 3663 Dicite,
453 3581 603 3650 credetis
626 3582 714 3650 votis
737 3583 916 3652 fallacibus
940 3587 1073 3670 usque?

309 3688 468 3756 Rusticus
492 3693 527 3756 et
550 3692 722 3774 quondam
748 3693 861 3759 verbis
885 3693 933 3761 sic
956 3692 1115 3760 mollibus
1138 3696 1253 3778 urget,

307 3798 355 3863 Vt
378 3795 439 3862 sibi
466 3796 647 3864 fulmineos
670 3799 794 3867 dentes
817 3802 885 3869 Leo
910 3802 1028 3882 vellat,
1052 3804 1087 3868 et
1110 3820 1237 3886 unges:

308 3905 409 3971 Erurt
432 3903 601 3986 incautus,
625 3909 706 3972 tunc
730 3905 789 3973 ille
813 3908 941 3975 occidit
964 3928 1144 3977 inermem.
1196 3974 1198 3978 a

307 4008 362 4075 Sic
385 4011 500 4095 Lupus
523 4009 557 4075 in
582 4013 735 4097 pecudes
758 4017 879 4082 avidus
902 4017 1056 4101 defigere
1081 4017 1213 4104 dentes,

311 4115 344 4181 Si
369 4115 506 4181 firmum
531 4116 638 4184 torvis
661 4119 784 4201 oculis,
808 4126 843 4188 et
866 4122 1024 4191 dentibus
1047 4122 1133 4190 albis

307 4221 447 4289 Viderit
470 4220 543 4309 ipse
568 4227 706 4306 Canem,
729 4227 861 4295 rabiem
885 4235 920 4296 et
945 4230 1091 4314 vestigia
1115 4231 1236 4298 vertit:

307 4331 373 4396 Sed
398 4332 489 4397 Cane
513 4331 715 4418 longinquo,
737 4340 883 4405 naturae
906 4338 1036 4405 semina
1059 4342 1194 4406 sectans
