3382 5362
749 376 950 445 -140-

327 530 409 598 lmle
433 531 552 598 (lemos
575 529 737 615 repetunt
760 527 902 591 Patrum
926 519 1056 607 pietate
1079 523 1265 606 celebrum,

327 640 471 727 lmparis
494 643 547 705 ast
570 637 686 717 animi,
709 633 843 703 t'aeinus
865 630 924 716 qui
948 630 1102 716 dirigere
1126 633 1253 698 almum

324 749 473 829 Vellent,
496 752 600 832 atque
624 745 753 824 modes
776 738 873 825 queis
896 738 1015 805 Patria
1038 741 1145 820 salva,
1168 740 1343 807 docerent.

322 860 367 923 nt
391 857 520 923 nullum
546 852 743 920 inveniunt:
769 848 827 914 vili
852 848 975 931 sugere
1000 847 1141 916 timore:

322 962 439 1029 Nullus
464 960 497 1026 in
521 955 709 1025 innumeris
733 960 830 1023 tanta
853 951 983 1039 pietate
1008 958 1177 1036 movetur,

321 1072 368 1135 Vt
392 1068 475 1135 velit
498 1065 665 1134 auxilium
689 1063 816 1150 populo
839 1062 1006 1148 praebere
1028 1061 1179 1147 petenti!

322 1178 349 1244 Ο
373 1175 503 1261 pudor!
530 1192 550 1239 o
574 1172 703 1238 tatum!
730 1170 758 1236 si
783 1186 878 1235 mens
901 1187 968 1235 non
992 1170 1091 1236 laeva
1114 1168 1234 1235 luisset

320 1285 490 1365 Patribus
513 1281 679 1350 auxilium
703 1279 837 1367 patriae
861 1277 889 1343 si
914 1280 1003 1345 lbrte
1027 1278 1212 1360 dedissent,

320 1391 428 1459 Adria
450 1410 540 1458 nuno
563 1396 685 1468 stares,
708 1388 809 1453 modo
833 1404 897 1452 nee
921 1385 1117 1471 digitosque
1141 1404 1329 1471 manusque

318 1502 516 1569 llorderent
541 1497 677 1579 Veneti,
701 1496 760 1582 qui
784 1514 872 1562 nunc
895 1495 1075 1582 patiuntur
1099 1499 1263 1564 acerbum

318 1612 460 1677 Frustra
482 1606 660 1675 servitium
685 1606 816 1684 tientes
839 1604 1010 1687 durosque
1034 1605 1179 1671 labores

318 1720 345 1786 t)
369 1717 452 1785 milri
475 1718 505 1786 si
529 1721 646 1784 tantae
671 1713 762 1780 vires
785 1712 820 1778 in
843 1714 948 1780 eorde
973 1712 1127 1795 luissent,

317 1825 351 1892 Si
375 1824 457 1892 milri
482 1826 691 1912 praestasset
714 1822 862 1887 frontem
886 1822 1024 1887 matura
1043 1820 1221 1906 juventus,
1286 1877 1292 1893 ,

317 1933 470 2000 Consiliis
494 1930 632 1999 dubiam
657 1930 791 2016 plebem
815 1929 1014 2014 complexus
1037 1929 1157 1997 iisdem

320 2042 444 2108 Audax
467 2040 539 2127 ipse
563 2043 673 2106 sorem
696 2040 824 2104 sortem
848 2036 1047 2121 indignatus
1074 2037 1246 2123 iniquam!

317 2153 343 2232 l,
366 2156 457 2237 pete,
481 2148 653 2230 dixissem,
678 2151 795 2214 teneas
818 2148 938 2214 navale
963 2150 1014 2214 tot
1038 2147 1154 2230 armis,

319 2259 469 2327 Navibus
493 2266 595 2345 atque
620 2261 751 2344 potens
774 2257 865 2341 qued
888 2257 1001 2323 adhue
1024 2262 1059 2324 et
1082 2255 1242 2324 maehina
1267 2254 1346 2323 belli

315 2366 468 2434 Plurima
492 2366 692 2447 communit,
716 2384 779 2431 nee
803 2382 870 2431 nen
894 2365 1063 2431 tutamina
1087 2369 1205 2433 tanta:

315 2477 411 2543 Nune
436 2474 568 2543 ounotis
592 2475 740 2561 populus
763 2471 832 2538 rito
858 2471 987 2539 viribus
1011 2480 1158 2559 eeeupet
1182 2472 1277 2538 illud.

315 2583 432 2651 Attiea
455 2601 544 2649 nune
569 2581 701 2648 validus
727 2579 869 2646 Venetis
894 2585 1114 2647 monumenta
1137 2586 1250 2660 tuere,

315 2690 421 2775 Signa
444 2688 625 2778 potestatis
650 2696 844 2757 nostrorum
868 2689 963 2755 elara
987 2693 1155 2756 vetustae.

314 2797 519 2882 Agminibus
542 2795 684 2883 qtraevis
708 2795 838 2862 circum
863 2794 974 2861 insula
997 2816 1116 2883 sparsa
1139 2816 1203 2883 per
1227 2796 1335 2862 undas

314 2903 364 2971 Sit
389 2904 522 2972 munita
547 2904 624 2986 tuis,
650 2907 887 2987 tormentaque
913 2901 1033 2969 bellica
1057 2905 1170 2971 Gallos

313 3014 459 3094 Pellant,
483 3031 545 3079 nee
569 3030 689 3096 gressu
714 3014 847 3076 tentent
870 3012 1037 3078 aeeedere
1062 3013 1106 3079 ad
1133 3013 1270 3080 Vrbem.

313 3121 341 3188 Ο
366 3120 490 3206 aliquis
514 3124 664 3188 Venetos
688 3136 857 3203 generosa
881 3119 1027 3187 exeisset
1051 3122 1094 3187 ad
1118 3137 1227 3200 arma,

311 3229 355 3295 Et
379 3232 532 3296 veterem
560 3227 724 3295 virtutem
748 3226 911 3294 arsissent
930 3232 1078 3314 pectora
1102 3228 1246 3296 nestris!

312 3335 469 3403 Forsitan
494 3336 559 3403 lroe
583 3346 717 3403 nostras
739 3337 929 3402 celeremus
953 3344 1109 3423 tempore
1133 3338 1240 3421 leges,

316 3444 385 3512 Neo
408 3464 516 3528 grave
541 3444 729 3529 servitium,
753 3463 820 3512 non
844 3443 951 3530 impia
970 3443 1054 3529 jura
1073 3444 1241 3531 jugarent

313 3552 409 3619 Nune
434 3552 622 3635 hominum,
646 3552 705 3619 tali
729 3552 787 3638 qui
813 3572 879 3620 nou
903 3558 981 3620 sunt
1004 3554 1141 3623 nomine
1166 3553 1273 3639 digni.

309 3662 498 3729 Daemones
523 3663 587 3729 hoe
613 3664 716 3728 eredo
740 3663 826 3730 eoeli
852 3681 914 3747 per
937 3663 1038 3729 inane
1065 3673 1242 3748 vagantes

311 3770 375 3835 Vel
398 3790 482 3855 quos
505 3769 688 3838 imlemitos
712 3790 819 3856 usque
843 3771 877 3836 in
901 3792 963 3838 sua
986 3792 1096 3856 regna
1119 3773 1265 3839 rebelles

309 3876 451 3944 Sedibus
475 3878 648 3964 expulerit
672 3879 800 3963 Stygiis
825 3892 989 3963 regnator
1012 3881 1153 3962 Auerni,

309 3983 372 4058 (lui
395 4004 467 4053 sese
492 3986 665 4053 induerint
689 3988 836 4054 lrumnne
861 4009 1006 4073 empore
1031 3991 1134 4070 t'oedi,

309 4093 357 4157 Vt
380 4093 549 4160 Christum
575 4096 725 4176 turbent,
748 4116 950 4182 regunnpm,
971 4098 1213 4185 llumimunquo
1231 4099 1394 4185 quietem.

308 4199 373 4265 Sed
393 4199 469 4285 jam
493 4220 559 4269 non
583 4204 705 4271 melior
727 4208 892 4290 populum
916 4207 1087 4274 sententia
1111 4214 1233 4289 mutat,

305 4308 604 4397 Praecipitemque
630 4311 739 4379 trahit
764 4332 940 4399 seseque
968 4314 1064 4382 illum
1088 4316 1237 4404 impetus
1259 4318 1374 4391 insert.
