3382 5362
649 403 827 469 ..85-

218 548 370 616 Melliflui
395 551 567 634 repetunt,
590 551 625 615 et
648 546 757 634 sparsi
783 550 893 618 mellis
916 572 1078 621 amorem.

97 711 99 713 ,
219 661 265 724 Vt
289 657 465 743 Scythicas
488 657 660 742 quondam
684 657 851 742 produxit
873 661 1064 729 Amazonas
1088 666 1199 744 aetas,

220 771 313 845 Quae
337 768 467 836 medias
490 768 579 834 inter
603 768 736 848 caedes,
758 760 917 855 inter'que
942 790 1102 839 cruorem

220 878 412 957 dissultant,
435 875 604 960 sectisque
628 873 765 957 agitant
788 874 883 961 picta
906 897 1004 946 arma
1026 879 1177 967 papillis,

219 987 262 1050 Et
285 983 416 1052 crebris
439 981 558 1050 avidos
582 981 724 1067 implent
748 981 939 1051 terroribus
962 987 1094 1073 hostes;

218 1091 354 1159 Moenia
376 1091 425 1158 sic
448 1088 593 1176 quaevis
615 1088 790 1175 percurrit
814 1091 963 1160 foemina
987 1093 1130 1179 circum,

220 1199 326 1267 Arma
349 1200 467 1265 furens
490 1198 617 1276 versat,
641 1194 819 1281 rutilisque
842 1197 1024 1266 ardoribus
1047 1219 1109 1268 ora

220 1308 363 1374 Pertusa
386 1306 559 1373 exclamat
582 1301 710 1370 feriens
732 1303 919 1372 ululatibus
942 1326 1062 1377 auras:

222 1418 323 1483 Ferte
348 1413 408 1481 citi
432 1414 575 1492 ferrum,
599 1411 679 1476 date
703 1411 783 1492 tela,
806 1414 842 1478 et
864 1413 1018 1482 scandite
1041 1434 1174 1484 muros:

221 1521 349 1592 Obvius
373 1520 479 1588 hostis
502 1520 615 1585 adest:
641 1515 743 1585 citius
766 1519 956 1605 praecidite
981 1523 1085 1592 ferro.

220 1636 313 1699 Tunc
337 1629 426 1697 Galli
450 1626 539 1694 vires
562 1623 680 1712 populi
704 1624 880 1711 furiasque
903 1632 1080 1717 stupentes

220 1739 329 1810 Corde
353 1739 485 1803 metum
510 1731 663 1819 capiunt,
687 1750 760 1799 sese
783 1734 967 1804 defendere
992 1740 1080 1807 bello

219 1847 366 1932 Quisque
390 1845 503 1932 parat,
527 1842 669 1908 densum
693 1859 816 1928 campo
840 1844 936 1911 stetit
959 1865 1085 1931 agmen
1109 1851 1243 1936 aperto.

219 1952 430 2041 Principium
454 1968 612 2038 pugnae3
636 1966 759 2035 campo
783 1953 998 2039 populusque
1023 1956 1194 2043 ducesque

221 2066 286 2151 Spe
310 2058 420 2128 laudis
443 2058 534 2125 vires
556 2061 686 2123 acuunt
708 2055 930 2144 animumque
954 2060 1114 2130 vicissim.

219 2175 409 2241 Clamorem
434 2165 611 2253 excipiunt
634 2163 734 2247 Galli,
757 2166 965 2255 fremituque
988 2180 1178 2259 sequuntur

220 2278 418 2357 Horrisono‚
441 2275 624 2342 Ballandus
646 2292 735 2358 equo
758 2293 962 2344 conscensus
984 2281 1028 2346 ad
1052 2299 1151 2348 arma

220 2391 257 2454 ln
280 2385 445 2474 populum
468 2380 579 2449 socios
602 2383 860 2466 contorquenda
882 2384 1014 2454 excitat
1037 2408 1163 2457 omnes

221 2496 380 2562 Attamen
404 2488 563 2557 AEmilius
586 2490 713 2576 populo
737 2493 812 2556 Dux
834 2492 1010 2577 praesidet
1034 2497 1120 2579 acri,

220 2606 264 2670 Et
283 2600 385 2687 jubet
409 2598 481 2685 ipse
504 2615 583 2663 suos
606 2594 735 2680 ignitas
757 2599 889 2665 solvere
912 2602 1068 2685 glandes

219 2713 268 2780 Vt
291 2711 359 2776 Leo
383 2707 493 2773 laetus
517 2707 598 2772 ovat
621 2708 706 2786 tum,
729 2724 808 2771 cum
832 2724 1041 2793 cervumque
1066 2711 1254 2799 lupumque

219 2821 396 2886 Certamen
421 2813 537 2880 videat
560 2811 718 2881 conferre
741 2811 776 2879 in
799 2813 941 2881 saltibus
964 2816 1057 2884 altis:

219 2923 385 2993 Cornibus
408 2921 464 2988 ille
488 2922 607 3007 lupum
630 2919 748 3000 laedit,
771 2920 871 3007 lupus
894 2941 954 2988 ore
978 2925 1091 2992 tenaci

221 3029 434 3115 circumagit
457 3046 618 3095 cervum:
644 3045 717 3095 sors
740 3031 792 3095 est
814 3029 1023 3099 luctantibus
1046 3052 1187 3122 anceps:

221 3137 376 3209 infremit
398 3142 433 3205 et
456 3135 579 3219 rabies
603 3140 720 3204 manat
743 3137 785 3203 de
808 3155 955 3224 corpore
978 3141 1137 3227 sanguis:

219 3250 371 3337 Spectat,
394 3250 429 3313 et
452 3246 625 3330 expectat,
648 3232 787 3311 tandem
811 3246 878 3313 Leo
892 3247 1013 3315 vfertur
1037 3248 1072 3316 in
1096 3270 1233 3337 aegros,

219 3354 352 3424 Gaudia
375 3357 451 3422 tuta
474 3351 544 3420 frui
567 3351 704 3439 praedis
727 3351 761 3418 in
785 3356 925 3439 pectore
949 3374 1113 3447 carpens3

218 3461 273 3532 Sic
297 3459 390 3530 videt
415 3479 459 3528 ex
483 3463 559 3528 tuto
584 3463 770 3548 Bonapars,
793 3459 976 3548 animoque
999 3467 1133 3555 recepit

219 3573 318 3659 Spem
342 3569 411 3637 cito
435 3569 477 3636 de
501 3570 629 3657 populo
653 3587 797 3654 magnos
819 3575 977 3656 spectare
1002 3573 1205 3663 triumphos.

218 3676 378 3764 Vndique
398 3675 557 3762 jactatae
580 3676 783 3763 increpuere
807 3697 870 3763 per
894 3680 1038 3749 aethera
1061 3685 1216 3768 glandes

219 3786 380 3854 Volvitur
404 3805 448 3852 ex
473 3790 568 3852 terra
590 3786 693 3852 l'oeda
716 3784 865 3869 caligine
888 3788 1012 3873 pulvis,

218 3894 323 3971 Quem
348 3894 471 3961 tollunt
494 3894 625 3960 celeres
648 3912 750 3960 cursu
774 3893 974 3981 peditesque
998 3897 1211 3986 equitesque.

218 3999 346 4068 Bellica
365 3999 440 4085 J'am
464 3999 641 4084 geminant
665 4005 838 4067 tormenta
861 4021 924 4088 per
947 4022 1030 4070 aera
1053 4006 1198 4090 sumum,

219 4106 330 4194 Eripit
354 4111 389 4174 et
413 4105 540 4174 mixtus
563 4109 677 4174 l'urnus
700 4109 903 4194 coelumque
928 4111 1086 4198 diemque

219 4215 358 4281 Illorum
383 4231 427 4281 ex
451 4212 575 4282 oculis:
601 4233 723 4301 campo
747 4234 814 4281 nox
838 4215 978 4286 incubat
1001 4226 1089 4288 atra.

219 4321 413 4409 Insequitur
436 4324 633 4408 clamorque
657 4322 780 4408 virum,
804 4324 998 4413 stridorque
1023 4330 1198 4418 tubarum,
