3382 5362
654 405 853 470 -117—

232 545 355 633 (Triste
368 546 391 636 l)
416 547 531 632 timor,
554 548 655 617 solvit
677 547 890 615 sermonibus
913 568 975 617 ora
997 551 1168 617 Donatus:

232 653 353 723 Nescio
377 655 452 740 quis
475 675 593 723 sensus
615 654 729 724 cordis
751 655 907 741 proferre
931 656 1048 741 coegit

232 763 362 844 Verba,
387 763 454 830 fuit
479 765 532 830 vel
556 783 652 830 amor
675 762 820 848 patriae,
844 765 904 830 aut
927 762 1074 831 formido
1098 766 1277 848 tumultus,

235 870 343 944 Quem
367 889 446 937 mox
470 873 578 939 caede
601 870 709 938 trucis
732 868 767 934 in
790 868 884 936 cives
907 869 1102 939 intenderet
1125 890 1243 941 omnes

232 975 363 1045 Gallica
386 977 457 1045 sive
482 979 578 1062 fides,
602 998 662 1046 seu
686 975 783 1045 nobis
805 976 920 1044 tristia
942 977 1026 1062 fata,

233 1086 288 1153 Sic
310 1085 419 1171 igitur
443 1090 554 1155 fatus:
579 1090 651 1165 Quo
674 1105 765 1153 nunc
790 1084 880 1153 foret
904 1085 997 1152 utilis
1020 1086 1127 1154 eheu!

233 1192 338 1280 Copia
360 1195 551 1280 praesidii?
574 1213 742 1282 quaenam
769 1191 818 1258 vis
841 1191 967 1260 terruit
990 1194 1149 1262 hostem?

233 1300 340 1369 Milite
365 1322 468 1389 quarn
493 1305 601 1370 multo
624 1319 727 1387 reges
749 1300 793 1367 de
816 1300 898 1366 sede
922 1304 1080 1387 potentes

233 1409 401 1477 Horridus
425 1409 605 1491 abstraxit,
628 1409 773 1497 populos
796 1406 991 1476 tremefecit
1015 1413 1050 1477 et
1074 1409 1193 1476 omesl

233 1519 307 1594 Qua
330 1517 364 1583 vi
387 1519 561 1586 Gallorum
586 1515 688 1584 vultis
711 1516 885 1602 depellere
910 1513 1026 1582 vires?

233 1630 350 1713 Impar
374 1630 426 1692 est
450 1624 612 1711 quaevis:
637 1624 731 1691 velut
754 1625 869 1710 amplo
894 1622 1025 1692 vortice
1049 1629 1184 1692 torrens

232 1733 390 1800 Flumina
414 1751 523 1819 parva
546 1729 639 1818 rapit
662 1749 777 1798 secum
804 1728 973 1799 violentus
996 1736 1032 1799 et
1056 1732 1166 1798 altus:

234 1843 290 1923 At,
313 1841 670 1927 quacumque''·trabes
693 1837 854 1919 retinent,
877 1839 1093 1925 obductaque
1117 1857 1212 1921 saxa,

236 1951 415 2036 Spumeus
439 1951 474 2015 et
498 1947 645 2028 fervens,
669 1949 704 2013 et
727 1947 770 2012 ab
794 1945 892 2013 obice
915 1946 1051 2013 saevior
1074 1950 1190 2031 urget,

236 2056 474 2143 Hori-ilicoque
497 2074 580 2124 sono
605 2057 706 2141 longe
731 2058 767 2123 et
789 2056 858 2123 late
883 2054 998 2124 omnia
1021 2057 1181 2142 complet.

236 2165 362 2233 Addita
386 2164 436 2231 vis
459 2163 537 2232 urbi
561 2162 666 2230 nimia
689 2167 753 2246 est,
775 2182 865 2249 quae
888 2163 1041 2231 concitat
1062 2161 1151 2231 iram

237 2276 366 2359 Nempe
390 2271 615 2359 Bonaepartis
637 2270 805 2339 rabidam.
829 2269 863 2336 Si
886 2271 951 2338 bac
974 2273 1060 2338 urbe
1083 2270 1227 2358 potitur,

235 2382 328 2457 Quae
352 2381 453 2464 mala,
476 2398 565 2465 quae
590 2380 714 2448 caedes
730 2377 873 2462 miseris,
890 2384 926 2445 et
941 2397 1030 2464 quae
1047 2397 1171 2466 aspera
1187 2380 1315 2448 dantur

236 2490 456 2575 Degustanda
479 2488 620 2556 animis!
647 2489 740 2555 nullo
764 2487 960 2555 discrimine
985 2487 1113 2557 atrocis

237 2595 391 2680 Patricii,
415 2596 576 2683 civesque
599 2596 714 2664 forent
737 2613 826 2663 nova
849 2597 980 2681 praeda
1003 2595 1141 2664 furoris,

236 2704 378 2791 Saepius
401 2707 467 2772 hoc
490 2708 665 2790 Bonapars
688 2703 882 2788 iterumque
906 2702 1100 2789 iterumque
1124 2704 1283 2772 minatus

235 2811 378 2882 Creditis
402 2812 559 2898 Illyricis
582 2831 728 2898 quorum
751 2810 919 2879 tutamine
943 2811 1025 2878 nixa

235 2919 339 2988 Vrbis
363 2925 521 2988 versatur
545 2921 684 2987 adhue?
707 2937 793 3005 gens
816 2923 868 2986 est
890 2917 926 2986 in
956 2917 1123 3004 sanguine
1147 2921 1315 3004 gaudens,

236 3034 344 3109 Quam
369 3035 509 3100 vectare
530 3030 633 3118 juvat
656 3030 814 3118 praedas,
837 3032 873 3098 et
897 3029 1013 3098 vivere
1038 3033 1161 3116 rapto:

234 3138 299 3222 Nil,
322 3137 387 3208 nisi
409 3158 568 3207 nummus
593 3138 646 3208 ei:
671 3141 775 3226 atque
800 3138 885 3205 fides
908 3136 1093 3224 depellitur
1116 3156 1214 3206 auro.

233 3250 326 3326 Quae
350 3246 519 3331 facienda,
543 3251 649 3336 caput
672 3247 753 3314 dum
776 3249 874 3314 tanta
897 3244 1029 3333 pericla
1051 3245 1263 3333 supersunt?

234 3353 347 3436 Quid?
370 3357 539 3443 perlonga
563 3355 694 3423 animos
718 3353 814 3422 nobis
837 3372 906 3447 pax
930 3352 1013 3421 feeit
1037 3354 1212 3438 hebentes,

233 3464 277 3531 Et
300 3466 401 3533 modo
425 3464 590 3535 deficiunt
613 3462 704 3553 aptis
727 3462 865 3531 aeraria
888 3462 1057 3532 nummis:

234 3573 402 3642 Luxuries
421 3574 569 3661 Juvenes
592 3576 733 3660 fragens
756 3571 942 3641 effunditur
965 3590 1094 3656 ameno,

234 3683 347 3768 Atque
370 3701 468 3750 senes
492 3701 655 3751 venerem
679 3681 867 3749 stimulanti
891 3683 996 3750 corde
1013 3684 1225 3768 sequuntur:

134 3835 136 3839 -
234 3793 277 3856 Et
301 3788 383 3857 nihil
408 3794 459 3858 est
483 3789 549 3857 illis
573 3790 716 3878 (pudeat
730 3790 752 3876 l)
777 3809 832 3857 res
855 3789 994 3878 publica
1010 3808 1137 3858 curae:

234 3899 277 3964 Et
300 3897 418 3964 Patria
440 3895 575 3965 interea
596 3896 748 3982 gemitus
771 3897 943 3985 dispargit
964 3897 1095 3981 inanes,

234 3989 367 4093 Aspicit
390 4010 425 4074 et
449 4008 537 4073 lesos
560 4025 685 4089 mores
708 4007 939 4093 despectaque
961 4006 1055 4094 jura.

234 4113 408 4182 Substinet
432 4113 614 4201 imperium
640 4115 753 4182 valido
777 4114 952 4183 fulcimine
976 4115 1108 4183 virtus:

234 4219 356 4288 Tollite
380 4220 556 4304 virtutem,
579 4221 701 4289 leviori
724 4222 883 4290 concidet
906 4221 989 4289 ictu.

235 4327 386 4418 Denique
410 4329 438 4398 si
462 4334 610 4418 cogente
633 4335 712 4400 rota
735 4331 863 4400 fatalia·
878 4335 998 4402 nentes
1089 4339 1092 4345 '
