3382 5362
660 433 861 500 -115-

236 576 345 642 Multa
368 577 494 659 lacurn,
516 575 702 643 Meduacus
725 575 783 644 ubi
807 595 886 643 cum
909 573 1053 661 gurgite
1078 579 1171 644 lento

237 684 378 751 Grassas
402 684 523 751 miscet
546 702 663 769 aquas,
688 703 797 765 arces,
821 685 1010 768 urbemque
1034 687 1164 753 tuetur.

240 795 333 859 Tunc
357 791 470 859 subito
494 791 575 858 visis
599 791 755 877 linquunt
778 791 939 860 subsellia
961 791 1100 879 scriptis

239 899 403 968 Certatim
427 903 560 985 Patres,
584 900 699 967 varius
723 900 826 967 timor
849 900 982 968 excitat
1004 918 1132 968 omnes.

239 1011 323 1075 Pars
347 1007 446 1075 timet
469 1026 652 1074 aerumnas
674 1007 750 1090 sibi,
775 1027 854 1094 pars
877 1027 939 1075 sua
962 1011 998 1077 et
1021 1007 1122 1075 irrita
1145 1007 1257 1076 cernit

240 1114 397 1198 Consilia,
420 1120 456 1182 et
478 1113 585 1182 tacito
610 1134 691 1201 pars
714 1119 857 1201 pectore
881 1116 1011 1200 gaudia
1033 1115 1138 1182 sumit

240 1228 343 1296 Vrbis
366 1228 518 1296 vicinum
542 1229 676 1312 fingens
697 1229 733 1295 in
758 1234 872 1298 mente
896 1229 1076 1317 periclum.

240 1334 388 1421 Quisque
412 1355 531 1403 morae
556 1335 738 1422 impatiens
761 1338 898 1421 longae,
921 1335 1109 1422 studiisque
1133 1338 1290 1423 repulsus

241 1443 400 1525 Diversis,
423 1442 557 1510 inhians
581 1448 685 1528 urget
704 1443 780 1530 jam
804 1444 935 1532 scripta
958 1449 1155 1511 tenentem:

240 1554 333 1628 Quae
357 1550 531 1632 miseram,
553 1554 686 1634 Patres,
709 1555 829 1619 urbem
854 1571 944 1620 nunc
967 1554 1092 1618 damna
1124 1549 1324 1619 minunturt

241 1661 314 1735 Quo
338 1660 509 1745 speranda
532 1660 648 1725 salust
672 1664 822 1727 nostram
848 1657 1024 1728 contendit
1048 1660 1092 1726 ad
1116 1661 1245 1728 Vrbem

242 1766 429 1852 Impatiens
453 1769 586 1847 corsus,
610 1772 781 1855 noctuque
806 1769 930 1854 dieque
954 1769 1099 1835 laborat.

240 1874 414 1943 Construit
436 1874 492 1943 hic
516 1894 626 1958 arceS,
649 1895 734 1944 ausu
758 1879 901 1945 castella
923 1879 1091 1964 parantur

241 1987 418 2068 Terrifi00‚
441 1987 626 2055 Meduacus
649 1988 707 2056 ubi
730 1988 849 2057 limum
873 1988 1015 2074 aggerit
1038 1988 1156 2070 udum,

241 2097 285 2161 Et
308 2094 454 2182 pedibus
476 2095 606 2165 siccata
628 2099 727 2184 palus
752 2097 899 2182 vestigia
922 2095 1088 2184 praefert.

241 2206 337 2274 Dolia
360 2226 487 2292 magna
510 2226 626 2294 super,
649 2213 780 2276 terram
805 2213 901 2278 secta
924 2207 1037 2276 abiete
1061 2207 1196 2272 firmam

239 2314 324 2382 Galli
350 2315 541 2397 imitantur,
565 2336 672 2403 aquas
694 2317 755 2400 sic,
779 2321 908 2385 mostra
932 2321 968 2385 et
992 2313 1127 2383 moenia
1143 2321 1320 2402 spernunt.

240 2422 303 2490 Hic
328 2428 458 2509 ponunt
482 2424 626 2510 equites
650 2425 743 2492 illinc
768 2430 804 2493 et
827 2424 935 2492 milite
960 2425 1107 2511 replent,

145 2565 151 2577 ·
240 2533 283 2596 nt
307 2530 411 2598 maris
434 2529 605 2599 insomnes
628 2536 750 2619 optant
773 2535 838 2600 hac
862 2535 962 2600 nocte
987 2533 1168 2611 refluxum,

240 2643 289 2707 Vt
312 2643 462 2707 nostram
488 2659 607 2707 versus
630 2641 727 2709 miles
751 2661 786 2709 se
811 2642 968 2710 conferat
992 2642 1134 2720 Vrbem,

240 2747 309 2812 Aut
333 2749 451 2814 urbem
477 2747 619 2834 propius
641 2750 748 2816 moles
772 2768 900 2834 urgere
923 2751 1093 2827 natantes,

240 2856 288 2921 Vt
312 2853 413 2920 facile
438 2855 599 2923 ardentes
623 2855 752 2941 possint
776 2855 937 2923 emittere
961 2855 1115 2939 glandes.
1139 2923 1143 2934 ,

239 2963 332 3037 Quae
357 2964 559 3046 peragenda
583 2961 666 3028 mihi
690 2964 777 3030 duro
802 2962 997 3029 discrimine
1022 2962 1165 3027 rerum?

240 3069 336 3135 Anne
361 3067 490 3152 aliquid
515 3073 651 3137 tentare
676 3069 782 3137 armis
804 3069 904 3136 simul
928 3067 1078 3152 undique
1102 3067 1205 3134 motis

240 3179 305 3242 Fas
329 3179 430 3256 esset,
453 3175 582 3242 dudum
606 3176 692 3243 mihi
716 3196 811 3244 mens
833 3176 967 3244 incerta
991 3174 1176 3261 pependit:

240 3283 373 3371 Quippe
397 3285 505 3366 nefas,
527 3287 664 3371 quando
688 3286 860 3354 sententia
884 3289 999 3352 vestra
1022 3286 1173 3351 tatebat:

240 3395 383 3477 Insuper
406 3396 442 3458 et
466 3393 585 3474 metui,
608 3393 741 3461 subitae
766 3413 808 3460 ne
832 3392 988 3462 concitus
1011 3391 1064 3457 ira

240 3497 391 3582 Majores
414 3502 590 3585 Bonapars
613 3501 741 3582 clades
764 3505 968 3585 stragesque
992 3503 1144 3585 pararet.

241 3607 402 3672 Attamen
426 3607 486 3672 has
509 3625 644 3692 operas
668 3612 802 3674 tantum
823 3608 997 3693 jubeatis}
1011 3606 1145 3691 iniquas

241 3714 377 3798 Absque
402 3732 499 3779 mora
515 3714 672 3800 ‘explosis
695 3716 796 3782 facile
821 3717 1017 3782 rescindere
1041 3732 1175 3800 possem

242 3819 444 3900 Tormentis,
467 3818 495 3884 si
519 3819 564 3886 sit
587 3821 684 3888 nobis
708 3822 790 3887 data
812 3822 914 3908 copia
937 3821 1074 3906 agendi.

241 3924 319 4010 EJa,
343 3927 489 3993 daturne
514 3946 634 3994 ausum
659 3933 806 4012 tentare,
830 3950 849 3997 o
874 3929 991 4012 dicite,
1015 3930 1163 3996 Patres?

240 4037 302 4100 Ast
327 4033 427 4099 nimis
450 4032 559 4101 iratos
582 4034 699 4117 timec,
722 4038 904 4123 Gallosque
928 4036 1107 4103 minantes.

242 4140 337 4208 Talia
360 4143 538 4226 perstabat
560 4161 767 4225 memorans,
790 4149 968 4230 tectusque
993 4145 1134 4224 sciebat,

242 4250 337 4324 Quae
361 4247 444 4314 socii
469 4248 602 4316 infestis
625 4249 749 4317 animis
772 4257 918 4318 ventura
941 4258 1130 4339 parassent.

241 4356 458 4441 Obstupuere
483 4355 596 4442 probi,
619 4355 832 4443 pavidusque
855 4378 917 4445 per
940 4357 1011 4424 ima
1033 4379 1053 4426 c
1079 4359 1189 4425 currit
