3382 5362
744 424 945 491 -147-

324 571 525 641 Numinibus
547 593 664 642 sacras
687 574 825 642 immani
851 574 1016 643 crimine:
1040 574 1175 642 cuinam

323 683 419 759 Quod
443 685 547 751 semel
572 682 737 752 indictuni
763 684 914 769 Superis,
937 686 1075 751 auferre
1100 680 1241 750 licebit?

323 791 488 879 Aspicite,
511 812 531 859 o
555 791 663 869 Cives,
687 791 838 879 pretioso
861 813 905 861 ex
929 812 1011 860 aere
1036 795 1203 859 vetustae

321 900 458 971 Frontis
480 921 597 987 equos
621 903 742 968 AEdeni
769 905 912 997 externa
935 901 994 988 qui
1018 899 1148 968 fornice
1171 898 1353 979 adornant,

320 1011 450 1092 Marce,
473 1012 581 1091 tuam,
604 1028 701 1095 quos
725 1015 763 1076 nt
785 1009 835 1077 sic
859 1009 969 1077 currit
992 1009 1096 1090 sama,
1120 1004 1288 1093 Lysippus

321 1118 485 1186 conflavit
508 1117 676 1186 celebris:
701 1116 895 1185 Thiridates
918 1118 991 1205 ipse
1016 1114 1141 1184 Neroni

320 1226 506 1294 Dediderat
529 1227 668 1307 donum,
692 1230 796 1311 atque
820 1228 910 1291 Nero
934 1226 1024 1293 celso
1048 1220 1180 1291 addidit
1202 1219 1311 1301 arcui,

319 1336 363 1401 Et
386 1332 512 1401 similes
536 1333 623 1399 vivis
646 1333 835 1419 quadrigas
858 1333 942 1400 Solis
965 1334 1125 1417 agebant.

319 1441 406 1509 Hinc
430 1439 668 1509 Constantinus
691 1442 852 1526 Byzantia
874 1441 977 1508 litora
1001 1442 1158 1517 adornat,

319 1548 660 1636 Hippodromnmqne
683 1569 804 1616 sunm:
830 1550 964 1616 tandein
990 1548 1066 1615 illos
1089 1551 1197 1613 Zenus
1219 1541 1253 1608 in
1275 1544 1402 1610 Vrbem

318 1656 501 1725 Adriacam
525 1660 670 1725 Praetor
694 1658 801 1725 multe
825 1677 903 1725 cum
928 1674 1099 1724 marmore
1124 1650 1296 1721 transfert.

317 1768 365 1835 Vt
388 1764 535 1833 domitos
559 1766 660 1848 belle,
684 1768 719 1833 et
743 1765 934 1833 resonantis
958 1765 1063 1850 digna
1086 1758 1244 1847 trophaei

316 1872 475 1940 Praemia
498 1871 650 1960 diripiet,
676 1876 832 1941 veterum
856 1876 982 1942 decora
1004 1874 1075 1940 alta
1097 1870 1291 1957 parentum.

316 1981 381 2048 Sed
405 1982 466 2048 hos
490 1980 693 2049 Franciscus
717 1982 809 2051 victo
833 2000 1012 2067 regressus
1036 1983 1079 2048 ab
1103 1979 1199 2045 hoste

316 2088 467 2157 Exuvias
490 2087 592 2171 inter,
615 2090 761 2158 redimet
784 2112 869 2178 quas
892 2093 995 2172 ultor,
1018 2089 1052 2156 in
1076 2088 1150 2174 ipso

316 2196 394 2265 Rite
418 2199 512 2267 tholo
535 2200 676 2280 statuet,
700 2199 795 2267 vobis
819 2199 1068 2285 plaudentibus,
1091 2210 1230 2280 aequus.

316 2305 474 2392 Ecquid?
496 2309 531 2372 et
555 2306 630 2392 ipsa
654 2308 754 2374 Ducis
779 2311 914 2374 tradent
938 2306 1087 2391 insignia
1110 2298 1265 2380 ilannniS,

315 2413 458 2482 Publica
480 2414 609 2500 scripta
634 2418 747 2501 palam
772 2416 895 2498 rabidi,
919 2433 1119 2501 sacramque
1144 2425 1316 2478 corenam.

316 2524 390 2589 Itur
412 2520 446 2587 in
471 2541 570 2589 omne
594 2523 709 2590 nefas:
734 2525 851 2592 oculos
874 2525 1048 2592 offendere
1073 2527 1190 2606 turpes

315 2631 503 2697 Stemmata
525 2648 634 2713 sacra,
659 2633 761 2697 rudes
785 2636 824 2699 st
840 2636 937 2699 tuent
960 2634 1097 2699 aul'erre
1122 2632 1261 2704 Leones,

314 2739 441 2820 Marce,
465 2741 552 2819 tuos,
577 2741 729 2806 Venetus
752 2760 838 2825 (pnes
860 2741 986 2807 fixerat
1009 2744 1090 2806 ante
1115 2757 1176 2823 por
1202 2734 1341 2802 Vrbem.

314 2847 408 2923 Quae
431 2865 571 2932 sperare
594 2850 750 2915 dabunt?
774 2848 913 2935 inopum
938 2845 1146 2933 patrimonia
1169 2843 1263 2909 nullo

313 2955 413 3022 Salva
436 2957 558 3021 mode:
584 2958 705 3023 Patres
728 2958 903 3024 exhaustis
926 2957 1063 3023 ruribus
1087 2970 1204 3019 (uiriles

312 3064 484 3147 lugentes
509 3064 594 3129 fines
618 3066 721 3148 longo
746 3069 822 3151 post
847 3070 1002 3149 tempore
1027 3062 1138 3129 avitos

311 3170 469 3259 Direptos
493 3173 633 3259 cupient
656 3180 859 3259 congestum
885 3174 1015 3261 cespite
1039 3174 1185 3240 culmen.

312 3279 375 3347 alst
398 3278 500 3366 pejus
523 3282 664 3348 Venetis
689 3282 834 3349 immitia
858 3286 928 3349 l'ata
954 3282 1148 3364 minantur3

312 3388 458 3472 Tempus
481 3390 516 3454 et
539 3389 711 3472 adveniet,
734 3410 811 3458 cuni
838 3391 944 3457 multo
969 3389 1075 3456 milite
1099 3387 1213 3455 cincta

310 3494 402 3561 Vrbs
424 3496 586 3580 terraque
610 3497 765 3582 marique
791 3499 865 3563 sera
888 3497 1062 3566 obsidione
1087 3495 1300 3581 premetur„

312 3599 425 3687 Atque
449 3601 540 3669 farne
565 3603 646 3670 sicci
671 3609 839 3690 eptalnmt
862 3608 904 3673 ad
930 3608 1000 3672 tela
1023 3602 1135 3689 parati

310 3708 483 3776 Tormenti
509 3716 644 3777 mutare
669 3715 819 3791 niodum,
843 3732 905 3780 nec
930 3711 1067 3779 lethifer
1091 3726 1192 3776 arcus

310 3816 434 3883 Osores
457 3835 560 3884 saevo
585 3819 704 3887 mortis
728 3820 924 3887 discrimine
949 3820 1097 3888 habebit.

309 3923 382 3989 Hoc
406 3929 516 3990 meret
540 3924 699 4012 impietas
723 3930 838 3995 ultro:
864 3929 913 3995 sic
939 3931 1076 3996 volvere
1100 3930 1192 3993 lata:

309 4031 352 4096 Et
375 4050 539 4115 qtrasnarn
564 4033 641 4099 duri
668 4035 759 4100 vires
782 4056 955 4121 opponere
982 4038 1094 4117 vultis,

309 4135 342 4203 Si
368 4155 434 4204 non
459 4138 599 4206 cessatis
623 4139 706 4207 vitio
732 4144 902 4211 deducere
926 4146 1090 4228 gressus?

308 4240 363 4309 Sic
386 4242 447 4326 ait,
471 4250 506 4311 et
529 4247 641 4312 subito
666 4249 812 4317 cessavit
836 4249 869 4316 in
894 4253 1035 4318 aethere
1062 4272 1225 4319 murmur.

308 4348 368 4417 nst
392 4352 549 4438 populns,
574 4358 752 4441 poshpiani
780 4356 924 4424 lbrnrido
950 4363 1089 4446 pectme
1114 4360 1228 4442 cessit,
