3382 5362
728 367 928 461 -graa-

307 523 382 607 lpse
407 520 508 587 ruoilo
533 517 647 605 patiar
670 517 803 586 civero:
829 535 938 599 secus,
962 517 1035 603 ipse
1059 520 1220 604 fugacem

308 630 488 694 llelaturus
512 645 595 694 ero:
620 626 792 710 Gallisque
813 623 827 709 j
857 623 1016 691 bentibus
1039 624 1120 713 ipsis

309 739 355 802 Vt
379 755 468 801 nunc
493 738 631 819 tresque
656 732 769 813 Viros,
793 730 1260 817 1>inananunquecoercet

308 849 446 924 carcer,
468 861 554 927 quos
577 845 692 909 custos
715 837 822 907 oculis
848 842 979 905 tutatur
1003 838 1155 927 apientis3

312 949 367 1017 Sic
391 951 476 1034 suga
500 954 535 1016 et
558 947 696 1033 ingrato
721 944 862 1013 rneritas
885 951 985 1031 paret
1009 946 1167 1034 irnproba
1189 967 1327 1034 poenas.

310 1061 425 1126 Nonne
451 1055 561 1140 magis
584 1053 684 1135 Galli,
706 1051 830 1139 quibus
854 1059 906 1119 est
929 1054 1122 1122 damnabile
1146 1053 1276 1123 crimen

308 1163 495 1249 Effugiurn‚
518 1162 659 1249 cupient
681 1159 821 1226 inimica
846 1158 1022 1227 intendere
1046 1181 1149 1230 saevo

309 1276 345 1339 ln
369 1291 430 1339 nos
454 1272 523 1336 tela
547 1270 660 1348 ruodo,
684 1271 788 1352 atque
812 1284 972 1333 cruorern
997 1270 1172 1338 effundere
1197 1273 1349 1338 nostrum

309 1382 375 1446 Per
399 1379 486 1459 fora,
509 1393 639 1463 perque
665 1373 737 1440 vius
761 1372 811 1439 bis
830 1370 906 1457 jain
931 1377 1009 1441 octo
1033 1374 1126 1442 inille
1150 1375 1315 1461 virorum,

308 1486 371 1563 Qui
397 1487 531 1552 tentant
554 1484 692 1548 nostrae
715 1478 856 1545 insidias
878 1483 1064 1548 contexere
1091 1483 1209 1550 vitae?

308 1592 441 1680 Quippe
466 1593 556 1658 inula
580 1589 771 1657 extendunt
797 1591 922 1652 tetram
938 1586 972 1653 in
990 1607 1051 1656 nos
1066 1589 1216 1676 plurirna
1232 1596 1386 1662 noctem!

309 1701 437 1769 Solvite
461 1704 496 1767 et
521 1695 714 1783 irnperiurn,
737 1706 772 1761 et
796 1695 898 1761 rebus
921 1714 1104 1781 parcanrus
1127 1698 1263 1786 iniquis,

308 1810 420 1894 Atque
445 1825 548 1873 rnanu
571 1805 656 1871 baec
680 1801 782 1869 citius
805 1801 960 1885 signetur
984 1805 1113 1890 pagina
1137 1812 1263 1891 vestra,

308 1921 401 1996 Quae
425 1915 514 1985 sinat
538 1918 692 2002 optatarn
716 1910 811 1998 pacis
834 1913 1025 1998 perducere
1051 1916 1173 1984 lucern.

235 2007 238 2014 ¹
309 2023 438 2092 Annuit
463 2026 498 2091 et
522 2016 939 2106 Muurocenus,‚pe1·juria
963 2019 1108 2090 miscens

308 2131 450 2200 Addidit
474 2129 546 2218 ipse
571 2130 686 2208 fidem,
708 2127 800 2212 <prod
826 2131 935 2194 tracto
960 2126 994 2192 in
1018 2127 1122 2200 litora
1145 2134 1234 2202 bello

308 2239 475 2308 Fervidus
499 2235 630 2304 infestis
654 2234 788 2315 anirnis,
812 2233 955 2320 telisque
980 2242 1123 2322 paratus

309 2346 512 2432 Conciperet
536 2345 682 2431 populus
706 2342 807 2421 vires,
832 2341 967 2427 irasque
992 2345 1139 2415 rebellis,

310 2459 461 2540 Namque
486 2453 626 2536 sciebat,
650 2450 711 2532 ait,
735 2451 899 2536 populum
923 2470 1076 2521 mussare
1100 2455 1312 2540 frequenter,

309 2567 351 2630 ut
375 2560 595 2647 conjuratum
619 2558 778 2625 statuisse
802 2557 967 2626 invadere
993 2560 1098 2629 vitain

310 2668 500 2738 Nobilium:
526 2667 605 2733 hinc
629 2675 713 2753 opus
737 2667 864 2750 alisque
890 2685 987 2733 rnora
1010 2672 1199 2739 concedere
1217 2691 1375 2758 regnum.

309 2776 369 2843 His
392 2779 500 2843 bonus
523 2772 674 2857 assurgit
698 2791 867 2856 generoso
891 2776 995 2840 corde
1020 2776 1177 2847 Priulus:

310 2887 362 2951 Ad
386 2884 550 2970 populurn
574 2881 755 2967 phaleras:
780 2879 862 2965 quid
886 2899 947 2948 nos
971 2886 1105 2951 terrore
1130 2885 1268 2972 leugas,
1297 2888 1301 2898 '

309 2993 421 3076 Atque
446 2989 592 3071 ambage
617 3007 717 3067 nova,
740 2986 794 3054 cui
821 3006 886 3054 non
911 2990 1143 3074 praestabitur
1167 3012 1317 3080 unquam

312 3099 390 3166 Vlla
414 3096 524 3164 fides?
548 3093 617 3176 ubi,
641 3093 742 3180 quive
768 3094 898 3161 duces?
922 3115 1000 3181 age,
1023 3099 1161 3168 nornina
1184 3102 1293 3185 defer,

311 3205 344 3273 Si
367 3203 473 3293 patrii
497 3205 632 3269 tanturn
657 3205 765 3269 ternet
788 3205 964 3288 pertentat
988 3205 1124 3274 arnoris

310 3315 404 3398 Ergo
429 3309 556 3393 licebit,
580 3308 640 3391 ait,
664 3309 745 3376 lidei
768 3309 970 3396 permittere
994 3319 1119 3382 cuncta

310 3419 473 3503 Victoris
497 3417 661 3504 caecique
686 3417 773 3485 hosti
799 3421 973 3487 conlidere
998 3423 1110 3490 t'alsol

311 3528 427 3596 Nonne
452 3525 525 3594 dies
549 3525 646 3593 rrobis
669 3525 811 3611 antiqua
835 3546 878 3593 ex
903 3528 981 3612 lege
1004 3549 1068 3616 per
1092 3536 1170 3599 octo

311 3636 492 3714 Quodlibet
516 3639 567 3701 est
590 3633 714 3701 scituro
739 3637 1028 3721 expendendum?
1051 3639 1203 3706 rnuxirna
1226 3658 1341 3708 rerurn

313 3743 408 3810 Nunc
432 3744 500 3810 ullo
525 3741 676 3808 discussa
699 3748 801 3808 ruent
825 3741 897 3809 sine
921 3747 1073 3831 pondere
1098 3747 1245 3814 inentis?

312 3854 464 3919 Tantane
488 3848 663 3936 percurrit
688 3855 819 3916 vestros
843 3853 989 3921 lbrrnido
1014 3857 1224 3941 peractus?

314 3962 418 4027 Plura
442 3960 638 4026 locutururu
663 3958 829 4023 ltunuinus
852 3961 1004 4047 rurnpit:
1031 3965 1081 4029 Ab
1105 3963 1190 4031 atris

315 4065 491 4134 Insidiisne
516 4071 615 4152 poles
639 4064 744 4131 vitain
769 4067 954 4135 detondere
980 4074 1157 4137 nostruin?

313 4176 403 4241 Proh
424 4173 565 4258 jovenis
584 4173 700 4259 jactas
723 4173 861 4242 incaute
886 4176 1037 4244 liuentia
1060 4181 1185 4245 verba:

313 4283 430 4352 Nonne
455 4286 552 4371 patet
576 4282 707 4364 rnodus,
731 4282 898 4351 Adriacas
920 4304 988 4371 quo
1015 4284 1152 4355 vincere
1176 4287 1306 4376 possint
