3382 5362
847 409 1026 474 „76-

418 557 556 626 Servitii
581 561 616 625 el
639 575 763 624 nomen
788 553 853 621 suit
878 552 1204 621 execrabile'vobis.

417 666 516 733 Liber
542 685 620 748 ego,
643 666 744 731 modo
768 681 870 748 quem
895 660 978 728 fecit
1001 661 1173 728 sententia
1197 667 1323 744 vostra,

417 775 595 840 llll'undam
622 772 728 838 vitam
751 769 907 835 manibus
930 774 1007 854 post
1032 773 1134 853 terga
1158 769 1345 838 revinctis?

380 941 382 945 ,
416 879 616 948 conditione
639 897 741 965 pares
764 895 900 962 quoque
924 894 985 942 nos
1008 876 1149 959 fecistis,
1172 877 1286 944 amici.

417 991 510 1073 Ergo
534 986 616 1072 quid
640 1005 788 1066 merear,
810 983 839 1049 si
862 981 1013 1070 plurima
1037 984 1240 1053 habentibus
1264 984 1373 1052 ausim

417 1099 468 1162 Ex
491 1097 591 1180 parte
616 1112 689 1161 esse
714 1112 846 1178 parom,
870 1111 949 1158 curn
973 1109 1039 1158 non
1064 1091 1147 1158 mihi
1171 1093 1305 1177 fulgeat
1327 1092 1478 1159 aurumi

417 1201 593 1279 Quomodo
618 1219 677 1267 vos
700 1198 777 1265 auri
801 1198 945 1284 pondus,
968 1217 1057 1266 nunc
1081 1198 1198 1282 dicite,
1222 1199 1380 1268 habetis?

418 1309 613 1378 Doctrinam
637 1305 835 1385 hausissem,
860 1304 955 1372 vobis
978 1305 1188 1390 auctoribus,
1212 1307 1295 1394 ipse.

419 1421 462 1485 Et
485 1415 687 1504 plectendus
711 1432 771 1480 ero
795 1412 927 1494 infelix,
950 1414 1107 1500 latroque
1132 1416 1332 1483 vocandus?

419 1524 565 1592 Simalo
589 1518 762 1608 respondi,
784 1518 844 1604 qui
868 1519 990 1586 vestris
1015 1521 1164 1608 imperat
1187 1524 1303 1605 armis,

420 1627 672 1718 induperatori,
695 1627 792 1694 dolor
816 1627 907 1694 haud
931 1646 1009 1694 mea
1033 1634 1177 1714 pectora
1201 1634 1341 1718 turbat3

419 1743 572 1826 Namque
595 1755 708 1804 meam
732 1732 843 1801 tenuit
867 1753 974 1801 verax
998 1737 1169 1805 sententia
1193 1743 1354 1807 mentem.

419 1851 563 1933 Jamque
587 1844 708 1912 audire
732 1842 826 1924 satis,
845 1841 1052 1927 jamdudum
1077 1846 1201 1914 sumite
1225 1866 1364 1934 poenas

356 2003 361 2013 .
420 1958 493 2024 Hoc
517 1956 650 2022 tantum
673 1952 765 2018 haud
789 1938 908 2031 lateat,
932 1949 1014 2016 mihi
1039 1950 1066 2017 si
1092 1972 1244 2039 unquam
1269 1960 1413 2043 pectora

420 2065 608 2150 captasset,
632 2059 739 2128 tristis
762 2063 890 2126 memet
914 2059 1100 2146 carpsisset
1124 2067 1272 2145 egestas.
1375 2046 1506 2129 lurtum

421 2171 582 2240 Dixerat:
608 2168 759 2236 incertus
782 2166 896 2234 studia
918 2166 954 2232 in
977 2167 1153 2235 contraria
1176 2169 1274 2238 miles

423 2277 607 2358 Scinditur,
630 2279 734 2362 atque
759 2272 817 2340 alii
841 2271 1018 2363 miseranti
1041 2275 1147 2342 corde
1172 2279 1319 2345 salutern

422 2388 627 2466 Decernunt,
650 2383 708 2450 alii
732 2385 784 2450 l'as
803 2381 901 2467 jussa
924 2401 1105 2468 capessere
1128 2386 1284 2453 suadent,

422 2494 466 2562 Hi
490 2497 636 2563 mortem
659 2491 784 2560 misero
808 2490 934 2575 majori
957 2497 1059 2578 parte
1084 2494 1276 2579 requirunt,

423 2606 467 2670 Et
488 2621 571 2690 pars
595 2605 676 2668 tunc
699 2599 813 2685 maJ'or
837 2603 1060 2685 pertraxerat
1083 2606 1162 2668 atra
1185 2603 1364 2670 minorem.

423 2713 472 2777 En
498 2710 659 2777 miserum
684 2707 805 2775 mediis
829 2707 863 2773 in
887 2706 1009 2774 castris
1032 2707 1141 2777 milite
1166 2711 1332 2795 cingunt:

422 2818 522 2886 Vitta
544 2819 661 2885 oculos
684 2819 817 2896 caecat,
839 2813 1014 2899 stringunt
1038 2836 1174 2903 quoque
1200 2818 1313 2886 vincla
1336 2819 1487 2885 lacertos

424 2926 540 3009 Linea,
562 2927 622 2993 sed
646 2924 730 2992 ferri
754 2930 834 2991 tunc
859 2923 963 2990 tortia
987 2924 1099 2992 vincla
1122 2928 1291 2995 relaxant.

424 3037 567 3120 Jamque
592 3032 656 3098 viri
680 3050 837 3117 gressum
861 3031 1044 3097 retrahunt
1067 3035 1110 3098 ad
1136 3036 1280 3102 vulnera
1303 3031 1394 3115 deni,

424 3146 529 3229 lnque
553 3142 628 3208 loco
652 3140 787 3221 sistunt,
809 3137 867 3224 qui
891 3141 1007 3224 paullo
1032 3139 1136 3207 distat
1160 3144 1203 3209 ab
1227 3143 1296 3210 illo.

424 3254 517 3318 Dona
539 3247 640 3333 gravi
664 3247 811 3333 strepitu
836 3249 1010 3314 tormenta
1033 3248 1164 3317 ferocia
1187 3251 1331 3335 glandes

424 3355 619 3425 Fulmineas
638 3354 785 3440 jactant.
810 3356 884 3436 nst,
907 3375 927 3423 o
951 3355 1108 3424 mirabile
1132 3356 1248 3426 dictu!

425 3465 545 3535 Nescio
569 3484 636 3552 quo
661 3466 745 3545 lato,
768 3481 937 3549 quaenam
962 3463 1134 3532 tutamina
1157 3466 1241 3533 nulli

425 3573 508 3643 Visa
532 3572 606 3641 viro
631 3572 769 3660 rapiunt
792 3569 905 3638 medio
929 3571 971 3637 de
997 3573 1133 3640 turbine
1161 3573 1278 3643 laethi.

424 3684 521 3768 Nam,
545 3681 700 3768 quamvis
725 3684 821 3748 recta
849 3681 892 3745 ad
916 3679 1079 3747 miserum
1104 3684 1313 3750 contendere
1337 3685 1458 3768 pectus

425 3794 619 3860 Debuerant
642 3791 797 3876 glandes
820 3788 931 3855 subito
956 3788 1136 3857 intonuere
1160 3792 1313 3876 fragore,

424 3903 537 3987 Atque
561 3901 635 3966 vias
658 3898 796 3983 signant
820 3916 956 3977 curvas
981 3904 1015 3965 et
1040 3897 1148 3967 limite
1173 3901 1287 3967 sulcus

425 4013 535 4078 Curvo
560 4011 619 4076 dat
643 4010 775 4074 lucem:
801 4005 912 4072 rutilis
936 4006 1173 4091 splendoribus
1198 4007 1261 4073 lris

425 4119 583 4187 Cernitur
607 4098 911 4195 effosunnradiare
936 4133 999 4200 per
1023 4116 1167 4181 aethera
1192 4115 1305 4181 vivax.

425 4228 645 4297 Crediderarn
669 4222 881 4291 extinctum:
909 4227 1038 4290 vestem
1064 4222 1121 4290 vix
1146 4222 1249 4290 unica
1271 4221 1388 4290 adurit

425 4339 538 4418 (llans,
561 4331 756 4422 procumbit
779 4331 873 4398 bumi
900 4330 1005 4397 vitam
1030 4350 1110 4398 mox
1135 4331 1290 4416 linquere
1315 4328 1417 4411 visua,
