3382 5362
671 384 848 450 ..69-

243 549 395 634 Quisque
420 550 641 615 Senatorum:
668 547 810 634 quisque
835 552 870 615 et
893 568 955 615 sna
979 549 1084 615 verba
1106 544 1253 633 reponit.

243 654 413 725 Conticuit
436 654 590 736 nimium,
613 656 752 722 tandem
776 656 939 739 surrexit,
963 658 998 722 et
1022 673 1084 721 ora

243 766 403 851 Improba
426 768 507 831 tuno
530 782 633 830 voces
656 763 793 831 Battaia
816 764 917 832 solvit
941 764 976 830 in
1000 763 1103 831 istas:

242 876 335 951 Quae
361 891 431 952 vos,
454 892 474 940 o
498 873 630 953 Patres,
654 872 825 939 Venetam
850 890 870 939 o
895 874 1030 939 delecta
1054 874 1229 953 Senectus,

242 980 355 1047 Anxia
377 998 462 1046 cura
485 979 606 1046 tenet?
629 978 713 1045 nulli
736 978 938 1047 submittere
962 961 1138 1062 mentem,'

241 1087 389 1168 Credite,
412 1088 464 1152 fas
487 1085 605 1153 metui.
630 1081 755 1153 Rident
778 1086 903 1153 altaria
925 1087 1073 1173 pulchro

242 1198 409 1282 Argento,
433 1198 536 1280 atque
560 1213 667 1261 auro:
692 1198 770 1261 sunt
793 1195 879 1262 haec
903 1196 992 1263 bona
1016 1194 1166 1282 publica,
1188 1192 1313 1263 vestris

244 1304 370 1372 Vsibus
393 1305 576 1389 aptantur:
601 1300 799 1387 praesentia
823 1306 980 1389 tempora
1004 1307 1160 1390 poscunt.

243 1411 329 1480 Hinc
349 1409 426 1495 jam
449 1408 598 1490 divitias,
621 1412 724 1493 atque
748 1408 828 1476 hinc
851 1409 1012 1477 deducite
1037 1429 1204 1478 nummos,

245 1521 319 1588 Non
343 1517 421 1585 tulit
444 1514 637 1600 indignam,
660 1514 786 1602 grandi
810 1520 844 1583 et
867 1520 950 1585 tunc
973 1518 1152 1585 Memmius
1175 1521 1253 1584 atra

248 1632 323 1715 Ipse
347 1624 531 1712 supercilio
555 1623 715 1709 Battajae
739 1642 838 1691 sensa
861 1624 998 1693 refellit.

245 1732 395 1814 Memmi,
419 1733 523 1801 chare
547 1751 664 1813 senex,
687 1733 793 1800 decus
816 1736 852 1799 et
874 1752 956 1820 pars
979 1731 1131 1801 maxima
1155 1731 1258 1817 vitae,

245 1840 526 1935 Praesidiumque
550 1858 660 1920 meae,
684 1837 785 1924 cujus
808 1845 892 1926 quot
916 1843 1034 1924 verba,
1056 1845 1109 1909 tot
1131 1842 1255 1910 ardent

245 1951 381 2023 Judicia
402 1950 437 2018 in
461 1949 586 2018 tabulis
609 1950 797 2037 sculpenda
820 1969 839 2017 e
863 1970 1036 2021 marmore
1059 1951 1095 2018 in
1119 1971 1254 2021 aevum.

248 2065 276 2134 Ο
298 2060 443 2143 utinam,
465 2059 652 2140 Bernarde,
675 2057 738 2125 tibi
761 2057 951 2126 indivulsus
974 2064 1013 2128 ut
1036 2060 1117 2128 olim

251 2178 326 2261 lpse
351 2172 461 2238 forem
485 2187 611 2250 comes,
635 2166 786 2252 ingenua
808 2187 870 2237 nos
893 2156 968 2237 art'e
993 2171 1148 2253 doceres

252 2282 499 2370 Ingeniumque
524 2282 583 2346 tuo
608 2280 708 2347 fieret
732 2272 966 2348 moderamine
990 2283 1133 2351 clarum.

248 2391 303 2460 Sic
326 2388 435 2475 igitur
459 2386 574 2455 vibras
597 2388 719 2454 doctae
744 2390 804 2454 tua
827 2387 971 2455 fulmina
994 2389 1153 2475 linguae:

248 2502 324 2567 Heu
347 2498 489 2584 pudeat,
512 2495 641 2581 pudeat
665 2495 821 2563 manibus
843 2495 994 2582 spoliare
1016 2499 1169 2584 profanis

248 2606 392 2692 Templa
414 2602 530 2670 dicata
554 2603 642 2669 Deo!
669 2601 812 2686 dignum
836 2604 1041 2672 coelestibus
1064 2626 1171 2692 usque

248 2711 459 2800 Surripuissc
484 2712 589 2777 decus
612 2712 762 2777 nondum
786 2710 869 2777 satis
892 2712 970 2777 est?
993 2712 1084 2779 bona
1108 2715 1215 2782 sacris

248 2824 361 2909 Rapta
384 2818 468 2886 viris
490 2819 640 2885 nondum
664 2819 804 2885 fuerrmt
827 2817 921 2900 satis
945 2823 1050 2906 atque
1073 2821 1193 2892 voraci

250 2931 312 2997 Illa
334 2926 397 2994 sibi
422 2945 545 3013 rapere
569 2924 749 3010 ingluvie?
772 2945 839 3010 quo
863 2925 1028 2993 tenditis?
1053 2927 1174 3014 inquis.
1282 2963 1287 2969 ὴ

249 3039 323 3105 Non
345 3036 422 3123 plus
444 3034 537 3101 ultra
560 3036 612 3100 est
635 3034 687 3099 fas
711 3039 863 3100 vestrum
888 3036 1096 3105 contendere
1121 3058 1272 3108 cursum.

250 3149 288 3212 In
312 3161 412 3212 sacra
435 3161 498 3209 cur
521 3139 670 3228 primum
694 3139 826 3226 digitos
848 3140 994 3225 infertis,
1017 3147 1052 3211 et
1076 3147 1184 3214 altum

248 3250 459 3322 continuatis
482 3251 594 3318 adhuc
618 3250 752 3316 coelum
776 3252 984 3336 compellere
1008 3253 1109 3337 bello,

249 3365 296 3430 Vt
320 3359 446 3427 vindex
470 3358 505 3425 in
529 3377 590 3426 vos
612 3375 796 3425 aerumnas
818 3358 961 3444 depluat
985 3362 1104 3428 atrasf

251 3472 332 3536 Esse
357 3466 417 3535 Dei
440 3470 607 3555 perstant,
631 3464 776 3534 hominis
799 3485 888 3552 quae
913 3467 1038 3535 dantur
1062 3469 1096 3537 in
1120 3488 1243 3540 usum:

251 3579 296 3644 nt
319 3595 398 3645 cum
421 3580 543 3662 sponte
566 3594 645 3642 suas
668 3574 785 3642 devoti
808 3573 939 3641 offertis
962 3576 1006 3642 ad
1030 3597 1120 3660 aras,

249 3687 333 3753 Sunt
356 3683 467 3769 magis
489 3683 564 3770 ipsa
588 3681 659 3750 Dei.
684 3685 750 3750 Cur
774 3683 826 3749 fas
848 3684 1050 3752 mortalibus
1073 3704 1172 3773 ergo,

249 3794 345 3869 Quod
366 3790 426 3877 jus
449 3811 548 3858 omne
572 3793 689 3875 negat,
713 3790 824 3858 furaci
848 3795 994 3875 tangere
1018 3794 1168 3861 dextra?

249 3899 410 3977 Quaerite
435 3899 573 3966 divitias
597 3898 676 3980 alio,
700 3902 735 3965 et
758 3898 927 3965 tutamina
950 3900 1056 3966 fonte.

250 4009 334 4075 Nam
360 4006 686 4092 deusomnipotens
711 4004 807 4090 vigili
831 4025 893 4072 sua
916 4008 1046 4093 templa
1069 4013 1187 4077 tuctur

248 4116 403 4199 Lumine,
425 4137 489 4183 nec
513 4116 592 4182 sinit
617 4135 688 4183 esse
713 4135 815 4182 manu
841 4115 969 4184 violata
991 4120 1146 4204 profana.

249 4225 358 4293 Dicite
382 4229 466 4312 quot
489 4224 630 4313 proprio
654 4226 830 4292 solverunt
853 4226 1020 4311 sanguine
1044 4247 1186 4314 poenas,

249 4334 313 4414 Qui
336 4339 508 4405 temerare
531 4335 605 4422 pias
627 4340 706 4403 sunt
731 4335 804 4402 ausi
829 4336 981 4402 Numinis
1007 4339 1133 4410 aedes:
