3382 5362
884 421 1064 486 „38-

452 569 606 652 Namque
631 566 847 647 videbantur,
871 565 974 632 remis
997 569 1221 653 pulsantibus,
1246 571 1358 637 undae

453 674 628 740 lnsnlitum
655 673 780 740 tacitae
806 679 901 740 tanto
925 677 988 739 snll
1010 677 1163 760 pondere
1188 676 1326 765 (mirum
1341 676 1364 763 l)

452 782 672 867 Conquerier,
695 782 879 867 solitasque
903 783 1002 849 alnao
1026 802 1092 849 non
1119 786 1256 851 volvere
1280 802 1429 871 spumas.

452 890 572 957 Nescio
596 889 678 975 ‹prid
703 909 808 957 rauco
831 889 1008 974 geminent
1033 896 1114 958 tunc
1138 896 1281 976 gutture
1311 897 1482 958 moestum

453 998 623 1065 Litoribus
646 997 767 1064 solitae
792 997 916 1063 nostris
938 999 1115 1083 contigere
1139 1001 1237 1067 nidos

453 1105 604 1173 Dilectae
629 1103 773 1188 l'hetydi
797 1106 987 1188 Alcyones:
1012 1125 1102 1173 nunc
1126 1125 1268 1175 currere
1292 1105 1326 1172 in
1351 1107 1471 1188 undas,

453 1215 549 1280 Nunc
572 1218 678 1298 caput
701 1217 849 1297 aequato
874 1211 1083 1298 irrequietae
1108 1215 1317 1299 immergere
1341 1219 1482 1300 ponto„

453 1322 548 1388 Nunc
573 1320 665 1388 visae
689 1339 804 1401 canas,
827 1319 955 1387 similes
978 1321 1166 1403 orantibus
1189 1324 1261 1388 alas

453 1429 579 1496 Sistere
603 1430 802 1512 clamantes,
826 1430 917 1495 lente
942 1434 977 1496 et
1000 1429 1184 1498 demittere
1207 1431 1333 1498 lassas:

452 1535 609 1605 Vidimus
632 1541 668 1604 et
691 1538 802 1604 Solem
827 1524 922 1603 tenui
945 1535 1094 1622 caligine
1118 1539 1251 1606 fuscum

455 1646 600 1713 Obtusos
624 1644 727 1712 terris
750 1645 865 1713 radios
888 1645 1063 1713 etltrndere
1088 1649 1123 1713 et
1146 1644 1255 1712 undis.

452 1754 581 1840 Nempe
607 1752 716 1821 estin
741 1755 842 1821 rebus
866 1752 928 1820 fati
951 1753 1156 1840 prudentia:
1180 1756 1286 1823 solem

452 1861 532 1939 Quis
556 1860 648 1928 dicet
672 1861 821 1928 falsum?
844 1859 878 1927 in
902 1862 1026 1929 nubem
1050 1866 1089 1928 ut
1112 1862 1140 1928 si
1164 1860 1322 1929 conditus
1345 1861 1464 1929 orbem

451 1970 654 2038 Nascentem
679 1968 791 2036 variet
814 1967 966 2050 maculis,
990 1974 1043 2036 est
1065 1972 1243 2056 proximus
1266 1969 1387 2051 imber,

452 2076 737 2162 Imbriteramque
761 2074 872 2160 times,
896 2096 974 2143 cum
998 2076 1042 2143 sit
1066 2077 1128 2145 tibi
1152 2077 1296 2158 caesius,
1319 2077 1457 2161 undam,

451 2187 562 2270 Atque
587 2183 688 2252 times
710 2203 842 2266 saevos,
865 2184 891 2250 si
917 2184 1072 2251 cernitur
1094 2185 1227 2270 igneus,
1252 2188 1381 2271 Euros3

450 2292 504 2360 Sio
528 2311 664 2378 quoque
688 2296 723 2359 et
746 2291 903 2358 Adriaois
926 2310 1124 2377 supremum
1149 2293 1265 2360 dicere
1290 2293 1415 2359 festum

450 2398 569 2468 Omine
593 2418 764 2485 praesago
788 2398 993 2485 praecordia
1016 2400 1174 2485 praescia
1197 2404 1343 2467 norunt:

449 2506 581 2593 Quippe
606 2506 709 2574 etiam
735 2505 859 2591 pluviis
884 2511 1058 2575 transacto
1082 2507 1239 2574 turbidus
1263 2526 1351 2573 armo

449 2614 584 2682 Distulit
608 2613 641 2679 in
667 2615 777 2680 lucem
802 2614 967 2681 solemnia
989 2616 1078 2682 fosta
1101 2635 1269 2696 serenam,

447 2724 560 2807 Atque
585 2720 635 2787 ita
658 2720 854 2806 permonuit
878 2741 1000 2788 caecos
1023 2722 1151 2790 instare
1177 2725 1342 2789 tumultus

447 2830 542 2897 Heu!
569 2828 676 2911 nobis,
700 2830 925 2915 fraudemque
950 2835 986 2897 et
1009 2836 1133 2917 operta
1157 2833 1325 2898 effervere
1350 2831 1450 2898 bella.
1498 2901 1502 2909 ,

448 2938 585 3004 Interea
609 2940 762 3005 veterem
786 2935 891 3003 ritum
916 2940 990 3004 Dux
1014 2936 1117 3005 anxia
1142 2939 1282 3005 volvens

448 3043 602 3130 Conficit,
625 3047 661 3112 et
684 3063 801 3112 rursus
825 3063 951 3130 magna
974 3047 1141 3115 redeunte
1165 3049 1307 3114 caterva

448 3153 667 3238 cymbarum,
689 3151 786 3221 navis
809 3171 947 3220 cursum
972 3173 1128 3222 remeare
1152 3157 1309 3242 parabat.

447 3260 540 3343 Post,
563 3258 645 3328 licet
668 3260 758 3327 haud
783 3264 921 3347 poterat
945 3262 988 3329 de
1011 3263 1116 3330 corde
1141 3263 1312 3330 excedere
1336 3277 1485 3347 moeror,

447 3366 500 3435 Ad
524 3385 658 3436 mensas
681 3375 818 3450 coeunt,
841 3386 926 3454 quas
950 3373 1024 3437 Dux
1048 3371 1090 3438 de
1116 3389 1210 3438 more
1235 3372 1366 3439 solebat

448 3473 685 3561 Quadraginta
708 3495 834 3564 parare
860 3477 964 3560 Viris
987 3497 1133 3563 quorum
1157 3478 1297 3546 additur
1321 3497 1407 3546 unus

448 3585 501 3651 Ad
525 3602 718 3669 numerum,
742 3604 956 3672 quorumque
980 3589 1106 3655 Ducem
1130 3585 1297 3672 suffragia
1320 3593 1479 3657 sacrant:

448 3691 727 3779 conveniuntque
752 3693 822 3775 alii,
845 3696 999 3762 celebrat
1022 3713 1107 3779 qnos
1129 3696 1290 3781 splendor
1315 3696 1462 3766 honoris.

448 3799 538 3866 Aula
561 3798 655 3885 capit
678 3800 809 3869 circum
834 3819 920 3869 cano
944 3801 1146 3868 nitidissima
1169 3822 1280 3888 gypso

449 3906 554 3991 Signa
578 3912 732 3990 venusta,
757 3910 809 3974 vel
834 3927 927 3990 aero,
951 3914 1119 3995 putasque
1143 3909 1316 3978 simillima
1341 3911 1442 3980 veris.

448 4011 521 4080 Illic
544 4018 739 4098 argentum,
763 4018 798 4081 et
822 4014 953 4083 circum
979 4035 1060 4081 vasa
1083 4035 1191 4084 aurea
1216 4015 1351 4086 rident:

448 4122 485 4187 In
510 4120 624 4188 media
646 4140 764 4188 mensa
787 4123 899 4204 flores,
923 4122 1138 4209 vitreumque
1163 4126 1327 4192 decentor

449 4229 575 4312 Fulget
598 4246 695 4315 opus
718 4228 807 4295 mira
830 4231 949 4297 fiotum
973 4230 1122 4299 feliciter
1145 4236 1232 4299 arte.

449 4333 573 4405 Vitrea
596 4355 675 4406 nam
698 4340 834 4424 spectas
857 4337 1001 4425 pulchro
1027 4337 1190 4408 viridaria
1214 4358 1323 4426 nexus
