3382 5362
646 421 846 487 -lll-

221 559 403 647 Excipient
427 568 558 633 nosmet
582 565 756 652 praesenti
780 566 844 634 hac
868 567 967 631 nocte
993 562 1163 630 timentes,

220 668 393 737 Gallorum
418 691 528 758 nuper
552 676 686 759 legatos
709 677 861 761 pandere
885 677 1035 740 mentem

220 775 335 862 Nuper
359 798 426 862 ego
450 781 578 862 audivi,
602 797 666 850 nec
690 785 765 850 erat
789 783 979 849 concedere
1004 780 1166 845 nostrum.

218 882 355 969 Scripta
378 888 507 954 dabunt
531 894 687 956 oratores
709 889 898 957 referentia
920 885 1087 973 quidquid

218 993 284 1059 Nos
307 996 418 1079 poscit
442 1000 634 1085 Bonapars:
660 1019 747 1085 quae
772 999 815 1065 sit
839 995 1019 1078 sententia,
1042 993 1139 1061 nobis
1211 1048 1213 1054 .

216 1099 336 1168 Dicere
361 1106 466 1172 credo
490 1107 605 1174 nefas:
631 1111 764 1174 tantum
789 1126 849 1174 nos
873 1122 996 1189 nempe
1020 1119 1158 1168 necesse

217 1207 311 1276 Nunc
335 1216 493 1298 spectare
517 1218 669 1297 modum,
691 1235 759 1300 quo
783 1215 848 1281 sint
873 1210 1070 1279 discrimina
1094 1212 1189 1274 tanta

216 1315 360 1400 Cognita
384 1322 532 1391 Concilio
556 1327 694 1409 Magno,
717 1324 774 1391 cui
797 1340 929 1389 summa
951 1321 1114 1407 potestas.

215 1424 373 1493 consulat
396 1428 554 1516 imperio,
578 1432 760 1518 imperium
785 1430 844 1516 qui
867 1426 1005 1496 conticit
1027 1424 1150 1510 ipsum.

214 1530 269 1598 Sic
292 1533 385 1600 latur
410 1538 624 1623 lacrymans:
650 1541 756 1608 Oculo
780 1536 964 1624 Delphinus
986 1529 1099 1600 arenti

215 1639 349 1724 Exsilit,
372 1646 407 1710 et
430 1647 588 1714 Patribus
612 1647 660 1714 sic
684 1666 744 1714 ore
768 1649 929 1731 loquutus
951 1643 1090 1726 inepto:

214 1746 266 1813 Nil
291 1768 376 1835 opus
400 1755 452 1819 est
475 1754 655 1840 lacrymis:
681 1774 747 1822 non
772 1759 823 1823 est
847 1757 916 1820 tam
939 1747 1077 1838 perdita
1099 1763 1228 1827 rerum,

213 1856 362 1939 Credite,
385 1878 538 1928 summa:
562 1862 646 1929 mihi
670 1862 780 1930 facilis
802 1858 978 1948 reparatio
1002 1871 1110 1923 casus.

213 1965 297 2028 Dum
321 1984 376 2031 me
401 1966 600 2053 fungentem
626 1969 734 2055 legati
758 1988 899 2037 munere
923 1965 1067 2032 haberet

214 2071 390 2155 Sequana;
414 2095 492 2143 nam
517 2077 639 2159 fatear,
663 2077 783 2145 stricto
808 2097 862 2143 me
887 2076 1027 2144 foedere
1051 2065 1179 2135 amoris

213 2179 363 2249 Hallerio
383 2180 499 2267 junxi,
522 2184 578 2251 cui
602 2185 738 2252 aeraria
761 2183 894 2251 credita
918 2178 1040 2264 Regni.

111 2296 115 2300 ·
213 2288 288 2371 lpse
312 2290 519 2376 Bonaeparti
543 2292 662 2378 primis
687 2296 738 2358 est
757 2291 901 2377 junctus
924 2290 967 2355 alo
991 2283 1088 2353 annis

211 2392 360 2477 Pignore
383 2397 570 2480 amicitiae,
593 2404 723 2467 AEneae
749 2404 923 2484 tamquam
946 2396 1033 2461 alter
1056 2390 1216 2457 Achates.

211 2499 297 2567 Hinc
321 2521 399 2569 mea
423 2506 496 2570 tota
519 2506 616 2588 fideS,
639 2505 673 2572 ni
697 2525 753 2574 me
776 2503 947 2573 sententia
970 2498 1069 2579 lallit,

211 2607 313 2674 Vrbis
337 2612 372 2674 et
395 2609 474 2678 hino
497 2616 634 2680 nostrae
658 2632 736 2699 spes
758 2617 809 2680 est
832 2611 996 2677 sumenda
1018 2603 1145 2672 salutis

211 2717 399 2785 Hallerium
423 2740 559 2788 rursum
583 2743 645 2791 cur
669 2743 736 2792 non
760 2721 908 2788 invisere
932 2735 1078 2804 possem,

210 2825 251 2889 Et
275 2829 473 2894 renovanda
496 2830 592 2914 tides
616 2834 653 2897 ut
680 2833 783 2898 verba
806 2826 986 2915 precantia
1009 2822 1142 2903 fundat,

207 2932 319 3016 Atque
345 2937 569 3021 Bonaepartis
592 2939 708 3005 flectat
731 2939 806 3005 sera
830 2942 972 3022 pectora
995 2929 1151 2998 amicust

208 3038 345 3124 Optima
369 3060 467 3108 sensa
490 3047 595 3129 puto:
620 3049 689 3112 stat
716 3065 773 3113 vos
796 3047 997 3121 decernere,
1020 3041 1152 3119 Patres,

206 3148 275 3213 Has
298 3147 373 3215 risit
399 3169 501 3218 voces
523 3151 633 3221 iratus
656 3155 760 3221 corde
784 3152 952 3238 CapelluS,

207 3253 380 3338 Egregius
404 3258 446 3324 de
471 3262 524 3325 ter
549 3259 654 3327 ternis
679 3260 849 3328 AEdilibus
871 3251 979 3337 unus,

206 3359 269 3434 Qui
294 3365 433 3448 Templo
458 3366 600 3453 antiquo
624 3368 807 3452 invigilant
830 3367 904 3448 tibi,
927 3368 1055 3447 Marce,
1078 3365 1226 3440 sacrato,

205 3466 309 3551 CuJ‘us
332 3476 368 3536 et
392 3472 499 3539 oflicii
522 3477 684 3561 splendor
708 3495 774 3543 non
798 3476 910 3561 major
933 3474 968 3539 in
993 3472 1088 3538 urbe.

205 3576 304 3640 Haud
328 3596 413 3662 opus
436 3585 488 3647 est
512 3586 636 3665 verbis,
660 3604 748 3670 quae
773 3590 810 3653 tu
834 3581 994 3650 diffundis
1017 3577 1126 3645 inanis

205 3684 372 3767 Tempore
397 3691 466 3752 tam
491 3690 589 3775 durn,
613 3693 726 3760 densis
750 3712 929 3778 mersoque
954 3685 1126 3758 tenebris:
1147 3727 1149 3731 -

204 3790 309 3856 Arma
331 3792 451 3858 salutis
474 3802 576 3863 erunt
600 3797 696 3865 nobis
719 3819 835 3883 causa,
857 3821 954 3867 arma
976 3795 1096 3865 salutis

204 3898 369 3984 Prompta
391 3919 513 3968 manus
535 3903 670 3989 capiat:
696 3908 797 3975 l‘actis
820 3911 1001 3977 ostendere
1025 3908 1077 3970 t'as
1100 3907 1153 3968 est

204 4009 303 4092 (Dum
328 4011 410 4079 nihil
435 4017 607 4084 emulcent
631 4018 776 4086 immitia
799 4027 943 4108 pectora
968 4014 1081 4101 voces)

204 4119 381 4190 Virtutem
405 4124 598 4223 infractam,
621 4134 776 4200 membra
799 4139 903 4220 atque
928 4130 1083 4200 exercita
1107 4125 1204 4192 bello.

203 4231 279 4313 lpse
304 4249 383 4313 ego,
407 4230 550 4301 Pisauro
575 4239 745 4305 constanti
768 4248 911 4328 pectore
936 4245 1038 4319 fatus,

203 4336 279 4419 lpse
302 4354 370 4420 ego
394 4339 487 4405 nulla
510 4338 661 4425 quidem,
684 4345 764 4412 solis
788 4347 851 4414 nisi
877 4369 1020 4417 cernere
1044 4350 1079 4414 in
1103 4343 1220 4425 armis,
