3382 5362
617 385 819 450 -103-

194 533 378 603 Servitium
402 533 531 600 flebunt
554 527 668 616 prisco
693 525 765 594 sine
790 528 918 596 honore
938 528 1108 615 jacentes,

194 649 335 729 Insuper
360 643 395 707 et
418 637 542 706 sceleri
566 636 685 701 videas
708 634 791 722 data
813 637 969 722 praemia
997 640 1099 720 laetu,

193 755 235 818 Et
259 753 340 816 trux
366 746 528 813 virtutem
552 744 667 809 laxato
691 759 855 827 spernere
880 744 1011 827 fraeno,

193 861 305 942 Atque
329 851 506 921 insultanti
530 851 684 917 calcatae
707 847 853 916 illudere
877 849 958 917 risu.

192 964 278 1042 Quin
303 962 408 1029 etiam
431 957 514 1045 quid
537 976 604 1024 non
628 954 788 1021 mortalia
811 961 956 1041 pectora
979 959 1076 1045 cogit

192 1062 286 1139 Auri
301 1088 400 1137 sacra
423 1064 557 1133 fames?
581 1063 721 1149 inopum
744 1062 954 1149 patrimonia
976 1067 1067 1135 latro

194 1179 347 1256 Auferet,
370 1180 474 1260 atque
497 1190 592 1241 meos
614 1168 755 1237 audebit
777 1175 924 1255 tangere
948 1173 1109 1258 Christos

193 1287 307 1354 Foeda
331 1287 366 1351 et
389 1280 552 1349 avarities
575 1278 767 1345 subducere
791 1277 935 1362 praedia
957 1283 1080 1365 crevit,
1120 1352 1122 1357 ,

193 1399 286 1473 Quae
310 1392 372 1458 sub
396 1386 590 1485 conditione
616 1383 681 1450 viri
704 1383 845 1470 pietatis
867 1392 1023 1474 amantes

193 1496 409 1585 Presbyteris
432 1494 585 1562 tribuere
610 1491 671 1579 pii,
694 1511 760 1559 non
784 1492 927 1578 regibus
950 1515 1112 1585 unquam,

193 1614 241 1678 Vt
263 1605 372 1675 sacris
394 1604 543 1671 habeant
566 1617 683 1667 manes
705 1599 868 1667 lenimina
891 1601 1021 1683 Missis;

194 1720 307 1802 Atque
330 1712 408 1779 ideo
432 1710 599 1777 extollent
621 1705 757 1774 animae
780 1726 843 1774 sua
867 1710 1008 1778 brachia
1032 1717 1198 1798 moestae,

195 1821 392 1893 Vindictam
415 1823 518 1902 atque
544 1816 673 1901 petent,
696 1818 732 1881 et
755 1814 808 1881 las
830 1815 951 1886 audire
975 1826 1168 1905 precantes,

196 1930 339 2000 Sedibus
361 1928 522 2013 expulsas
545 1921 725 1990 miraberis
748 1922 823 2009 ipsa
845 1926 989 2010 puellas,

195 2044 289 2118 Quae
313 2052 440 2104 vovere
464 2031 546 2099 mihi
570 2032 699 2098 almum
723 2030 932 2115 virginitatis
955 2036 1133 2120 honorem,

196 2150 367 2231 Sacraque
390 2142 594 2211 convertent
617 2137 651 2204 in
676 2143 795 2225 turpes
818 2141 972 2210 claustra
994 2146 1166 2214 tabernas.

197 2258 285 2333 Quot
308 2255 406 2321 natos
429 2248 517 2317 ulnis
541 2246 659 2314 videas
682 2247 831 2314 avellere
856 2249 977 2318 matris

196 2361 453 2448 Necquidquam
477 2354 589 2422 flentis
612 2355 703 2422 nullo
727 2355 924 2425 discrimine
949 2358 983 2424 in
1008 2378 1106 2428 arma

197 2475 389 2557 Cyrnaeum
413 2461 597 2549 numquam
620 2461 814 2529 satiandum
839 2465 1028 2550 sanguine:
1054 2468 1098 2534 od
1121 2486 1224 2536 aures

199 2582 287 2656 Quot
311 2573 462 2661 gemitus
486 2569 624 2637 venient
646 2573 982 2658 nostras,netusque
1006 2578 1233 2659 querentum!

198 2685 348 2771 Denique
373 2687 408 2748 et
431 2676 590 2745 historias
613 2676 728 2744 lustris
751 2684 898 2746 ventura
921 2682 1054 2749 duobus

197 2797 304 2862 Facta
327 2806 444 2858 omnes
468 2786 617 2867 vincent,
640 2789 679 2852 ut
702 2805 811 2871 parva
834 2788 921 2855 haec
944 2791 1104 2875 tempora
1127 2795 1252 2874 totum,

198 2902 295 2980 Quod
317 2896 414 2985 prins
438 2893 553 2962 evenit
577 2890 705 2976 stragis
726 2911 790 2979 per
813 2897 964 2978 saecula,
987 2898 1159 2966 claudant.

197 3017 291 3099 Ergo
314 3010 416 3089 sines,
438 3004 591 3087 Genitor,
613 3003 728 3071 Gallos
751 3003 889 3091 impune
913 3013 1115 3093 protervum

197 3120 386 3208 Exagitare
411 3118 527 3202 capnt,
550 3118 704 3181 nostrum
728 3115 763 3180 et
787 3117 1008 3183 contemnere
1032 3117 1191 3186 Numen?

198 3236 291 3317 Ergo
316 3227 375 3295 diu
398 3229 496 3294 tanta
519 3223 661 3307 exleges
683 3220 717 3286 in
742 3220 887 3289 crimina
909 3225 1076 3292 currenti

199 3346 308 3409 Parce
332 3340 438 3416 metu,
462 3333 585 3418 Virgo,
609 3349 687 3398 mea
710 3334 803 3412 nata,
826 3330 876 3398 ait
900 3332 1040 3400 Arbiter
1054 3332 1162 3412 ·aevi;

199 3453 279 3518 Sum
303 3445 473 3525 DomlnuS,
496 3460 562 3510 non
586 3443 701 3507 mutor
724 3457 803 3524 ego
826 3441 982 3508 mortalis
1005 3445 1043 3509 ut
1066 3461 1184 3528 aeger.

199 3561 358 3640 Quisnam
382 3552 556 3624 hominum
580 3549 704 3617 miram
728 3555 914 3635 cognoscet
939 3550 973 3617 in
1001 3554 1085 3620 orbe
1113 3557 1285 3638 catenam,

199 3673 272 3747 Qua
295 3667 358 3736 sibi
382 3684 438 3733 res
461 3679 578 3730 omnes
601 3660 794 3726 alternante
818 3658 938 3726 ordine
964 3658 1083 3728 vinclis
1137 3711 1143 3728 .

200 3780 379 3864 Nunquam
404 3769 604 3856 frangendis
627 3769 832 3836 nectuntur!
859 3766 935 3835 vilis
959 3788 1065 3837 arena

200 3886 315 3954 Totius
339 3885 512 3969 integram
535 3879 704 3946 rationem
727 3876 865 3964 perficit
889 3875 991 3944 orbis.

200 3995 255 4063 Sic
278 4013 314 4060 se
338 3992 423 4060 ordo
447 3987 586 4056 moralis
609 3986 733 4053 habet:
759 3987 801 4053 de
825 3985 969 4054 crimine
992 4004 1097 4055 saevo

200 4101 358 4170 iustitiae
382 4099 564 4166 retrahunt
586 4094 753 4162 ditissima
776 4095 907 4162 semina
927 4095 1026 4181 justi.

200 4214 333 4295 Perque
358 4210 449 4274 mala
471 4204 633 4292 experior
656 4223 770 4272 mores
792 4192 987 4291 pravosque
1014 4206 1208 4294 bonosque3

202 4317 339 4387 Scilicet
363 4320 402 4384 ut
425 4316 556 4383 fulvum
580 4316 733 4380 tentatur
757 4312 791 4378 in
815 4310 952 4397 ignibus
975 4330 1112 4380 aurum.
