3382 5362
862 400 1038 465 ..92-

432 555 562 638 Nempe
586 548 700 616 solesl
723 546 771 612 sie
797 543 1025 632 pollicitisque
1050 544 1151 611 tidem
1176 546 1300 631 adjicis
1323 550 1435 632 ergo?

432 657 579 727 Consilia
603 674 690 722 anne
715 657 816 739 putas
839 652 1008 718 scelerata
1032 652 1140 718 latere
1165 654 1353 721 Senatum?

334 802 337 807 .
429 766 490 844 Qui
516 784 633 832 sensus
656 760 828 845 animique
854 757 929 824 tui?
953 761 1106 824 llenacus
1129 764 1167 825 ut
1190 764 1259 830 alte

431 874 570 959 Ignibus
594 869 763 939 lrorrilicis
788 865 910 946 tonuit,
934 869 969 930 et
993 867 1099 933 classe
1125 868 1271 936 volucri!

430 982 571 1067 Cogitur
595 981 722 1063 absque
748 994 844 1044 mora
866 972 1000 1057 gladios
1024 975 1196 1060 deponere
1221 980 1351 1047 clarum

430 1087 603 1158 Salodium
629 1085 789 1151 infestos:
816 1079 928 1160 aliter,
951 1082 1012 1145 tua
1032 1078 1129 1163 jussa
1152 1083 1327 1155 minantur

429 1194 631 1264 Excidium:
657 1193 770 1258 lorsan
796 1191 1009 1255 Venetorum
1033 1196 1233 1258 excusserat
1257 1194 1322 1263 ista

430 1307 501 1371 llrx
525 1303 694 1376 fraenum,
717 1301 755 1363 ut
779 1293 875 1362 vobis
898 1293 990 1360 illam
1014 1313 1139 1380 parere
1163 1299 1331 1370 deceret?

429 1415 546 1480 Nonne
571 1408 636 1474 hac
661 1406 775 1471 mente
800 1399 850 1468 tui
873 1403 1177 1472 tentaruntlitora
1201 1410 1300 1494 Galli,

428 1520 522 1596 Quae
546 1517 661 1583 noster
685 1507 823 1578 furiosis
846 1507 1004 1575 fluctibus
1027 1509 1134 1578 Adria
1158 1515 1290 1601 miscet,

429 1630 465 1693 ln
489 1643 579 1711 quae
602 1616 852 1705 necquidquam
877 1614 1041 1699 Ligurum
1067 1622 1263 1693 tentaverat
1286 1632 1366 1697 ante

428 1731 537 1801 Triste
563 1748 681 1796 atrsum
706 1723 822 1793 classis
845 1723 954 1789 satum
980 1723 1130 1793 bibitura
1153 1738 1378 1818 supremum?

428 1839 514 1917 Quid
538 1836 601 1904 sibi
625 1835 790 1919 fingebat,
812 1828 926 1898 sonuit
950 1848 1027 1897 cum
1053 1853 1228 1908 murmure
1253 1847 1350 1911 vasto

390 2030 393 2036 Ι
429 1947 596 2033 Impulsus
619 1941 729 2009 tribus
752 1943 855 2026 atque
880 1944 1000 2010 decem
1025 1944 1119 2010 serus
1143 1947 1249 2017 Adria
1272 1951 1403 2034 rostris

428 2049 645 2138 Laugeriust
669 2066 779 2116 nonne
805 2046 919 2115 inllexi
944 2068 1007 2135 per
1030 2069 1160 2118 cornua
1175 2061 1305 2141 ,portus

428 2157 615 2246 Praecipiti
639 2157 754 2240 eursu,
777 2157 888 2223 Nereo
912 2155 1072 2239 mirante,
1095 2163 1237 2245 petebat

429 2272 498 2340 Ora
521 2270 627 2349 lacus,
650 2263 806 2352 placidus
829 2263 887 2349 qui
912 2267 1061 2331 nostram
1086 2266 1247 2339 circumit
1271 2275 1426 2342 Vrbem?

427 2381 494 2446 Cur
517 2374 689 2444 hominem
714 2371 821 2457 cogit,
844 2391 946 2457 quem
970 2371 1138 2442 insontem
1163 2381 1303 2449 Claudia
1326 2385 1452 2466 alebat,

428 2485 472 2552 Vi
496 2484 636 2552 infanda
659 2483 810 2566 raptum,
834 2479 957 2547 doceat
980 2481 1038 2566 qui
1064 2487 1200 2552 occulta
1225 2487 1371 2573 viarum,

429 2590 639 2676 Immitisque
664 2607 795 2669 necem,
818 2586 845 2652 si
870 2588 1007 2655 salleret
1030 2587 1115 2675 ipse,
1139 2592 1315 2662 minatur?

428 2701 467 2768 Di
490 2702 588 2782 bene,
611 2696 702 2782 qued
727 2693 857 2780 patrios
880 2699 1011 2780 pertus,
1034 2700 1126 2781 quod
1150 2698 1253 2768 litora
1277 2704 1347 2773 late
1411 2713 1420 2723 '

428 2811 569 2877 Centum
594 2802 702 2873 oculis
725 2800 872 2885 vigilans
895 2806 1039 2869 conatus
1063 2806 1177 2873 reddis
1200 2808 1331 2900 inanes,

428 2915 626 2982 Pimamane
651 2914 762 2998 pater,
785 2928 921 2995 semper
947 2915 1165 2981 memorande
1189 2936 1252 3002 per
1274 2938 1411 2988 aevum.

429 3021 598 3109 Igniferas
621 3018 775 3104 glandes,
798 3018 938 3098 clarnos,
962 3019 1137 3104 explorlile
1161 3020 1194 3088 in
1219 3025 1346 3110 hosteS,

429 3128 675 3215 Belligerisque
700 3145 838 3193 manum
864 3125 1042 3192 tormentis
1066 3146 1086 3195 e
1110 3129 1202 3214 date,
1226 3153 1334 3219 pravo

429 3239 527 3307 Haud
552 3240 683 3304 cessate
708 3237 802 3302 metu
826 3252 930 3300 naves
954 3253 1128 3321 opponere
1153 3242 1297 3310 nostres,

429 3348 537 3415 Ardet
555 3363 657 3432 epus:
675 3343 735 3410 sed
752 3342 873 3408 fraude
891 3339 1062 3427 armisque
1079 3345 1255 3430 potentius
1272 3352 1421 3435 AEquum
1439 3354 1508 3437 est3

429 3456 573 3526 Numine
598 3456 714 3534 dante,
737 3453 862 3517 malam
886 3451 1071 3538 profligant
1094 3452 1227 3540 praelia
1251 3463 1411 3528 mentem.

429 3567 504 3634 dam
528 3560 651 3631 sternit
675 3558 774 3628 fortis
797 3557 934 3625 nudatis
958 3559 1094 3627 ensibus
1116 3576 1235 3630 omnes

429 3671 537 3753 Miles
561 3675 597 3739 et
620 3668 757 3737 erubuit
781 3668 949 3734 scelerato
974 3667 1143 3753 sanguine
1168 3672 1309 3756 Nereus

429 3779 687 3866 langor-iusque
711 3775 798 3844 dolis
821 3793 949 3860 poenas
973 3780 1054 3843 tunc
1078 3779 1229 3845 solverat
1252 3785 1353 3849 atrox

428 3891 544 3976 ltupta
568 3906 695 3973 puppe,
719 3883 890 3969 profunda
915 3885 1034 3968 petens
1058 3886 1294 3970 sulunergitur
1320 3889 1415 3975 Argo
1429 3911 1437 3977 3

429 3994 516 4063 Hinc
541 3996 749 4083 properante
775 3992 869 4074 suga,
895 3990 1011 4057 rideas
1035 4011 1220 4062 valescere
1246 3993 1280 4060 in
1304 3999 1412 4064 altum

429 4107 480 4172 Ex
504 4101 612 4172 oeulis
635 4099 719 4167 alias
742 4098 899 4183 aequalia
924 4100 995 4166 lata
1018 4100 1188 4171 timentes

429 4213 592 4299 Ergone?
616 4211 667 4276 t'as
691 4210 805 4275 luerat
829 4208 966 4294 piorum
991 4211 1181 4279 concedere
1207 4217 1339 4299 pectus,

430 4320 544 4390 Hostis
567 4323 606 4387 ut
629 4318 663 4385 in
687 4319 836 4383 nostram
863 4317 1020 4403 petulans
1043 4317 1253 4408 irrumperet
1275 4319 1431 4394 Vrbem?
