3382 5362
665 422 841 488 -q5...

233 570 327 647 Quae
350 569 488 656 captiva
511 567 632 654 gemit,
655 570 801 636 donetur
826 569 955 635 Gallica
979 570 1080 634 turba

233 677 406 745 Libertate
430 696 511 745 sua:
540 679 687 743 nondum
713 676 851 744 nescitis
874 681 909 743 et
932 674 1009 762 ipsi,

232 787 387 853 Gaudeat
412 789 449 851 ut
472 786 620 872 populus
643 789 787 851 naturae
808 783 892 870 jure
916 783 1077 864 misellae,
1140 813 1142 819 r

232 896 328 959 Stare
354 892 436 959 mihi
461 897 622 973 mentem,
646 912 847 978 pauperque
871 894 1038 977 aequetur
1061 892 1193 957 avaro?

232 999 407 1087 Quaeritis
425 1019 512 1066 anne
536 1002 684 1086 pacem?
707 1000 808 1066 citius
833 999 914 1065 mihi
939 999 1052 1065 cedite
1076 1002 1212 1065 atroces

233 1105 454 1192 improbitate
480 1104 582 1188 viros
606 1105 701 1172 tenui
726 1107 785 1191 qui
809 1106 951 1174 crimine
976 1107 1142 1172 mulctant
1269 1088 1281 1102 ⁸

232 1217 377 1280 Carccre
403 1215 457 1279 vel
482 1213 635 1296 miseros,
659 1214 744 1281 lucis
770 1216 823 1281 vel
843 1214 926 1300 jura
949 1216 1119 1298 neganda,
1204 1269 1209 1280 .

236 1323 296 1388 Vel
322 1341 417 1402 nece,
441 1341 507 1387 non
532 1321 633 1388 dictis
657 1322 780 1404 causis,
803 1323 837 1389 in
862 1318 993 1390 tartara
1016 1323 1189 1405 mergunt.

232 1434 322 1507 Quos
345 1451 412 1516 ego
438 1484 497 1498 ...
521 1432 603 1516 quin
629 1432 731 1498 etiam
756 1432 959 1517 squallentia
985 1432 1119 1498 vincula
1142 1431 1314 1513 frangam,

233 1541 397 1607 Plumbea
422 1543 516 1607 tecta
539 1559 642 1626 super
667 1542 790 1606 uellam
815 1545 925 1607 strata
949 1541 1089 1608 aedibus
1113 1537 1202 1618 altis,

235 1640 327 1723 Quae
352 1647 484 1713 nriseris
509 1647 655 1714 varianti
680 1649 852 1715 alternant
876 1654 1032 1735 tempore
1055 1665 1213 1733 poenam,

234 1757 300 1820 Vel
323 1775 401 1822 cum
426 1758 541 1841 torpet
564 1755 695 1840 hyems,
720 1757 774 1822 vel
797 1775 876 1825 curn
899 1756 1085 1823 bacchatur
1110 1757 1145 1821 et
1160 1757 1272 1820 aestas

235 1863 330 1939 Quod
355 1881 464 1947 genus
488 1861 618 1929 invenit
641 1881 772 1949 poenae
798 1866 993 1930 truculenta
1017 1863 1186 1929 vetustas!

236 1972 354 2037 Nonne
378 1973 497 2038 tenent
521 1970 653 2039 vinctos
676 1970 773 2038 nobis
797 1971 883 2039 haec
907 1970 1020 2037 vincla
1042 1970 1196 2038 faventes
1208 1970 1224 2035 l<

236 2080 351 2146 Nonne
376 2082 471 2146 tenet
494 2083 628 2147 nostros
652 2078 792 2147 immitis
816 2098 936 2147 carcer
961 2078 1115 2146 amicost
1241 2066 1243 2069 ’

237 2188 333 2254 Anne
358 2188 475 2254 favere
500 2188 595 2255 nefas
618 2185 734 2268 Gallis,
757 2190 792 2254 et
815 2184 930 2272 opinio
954 2185 1085 2252 crimen

238 2295 410 2379 Sanguine
434 2295 644 2377 solvendum,
668 2297 702 2361 et
726 2314 898 2380 nunquam
915 2293 978 2359 nisi
995 2299 1105 2361 morte
1129 2293 1319 2380 piandum?

239 2405 308 2470 Nec
332 2422 445 2469 mora:
471 2401 601 2488 captivi
625 2402 694 2470 cito
718 2402 879 2470 libertate
903 2402 1072 2468 fruantur.

238 2512 355 2577 Nonne
380 2509 441 2592 tui,
465 2510 599 2576 tristem
623 2509 814 2595 reprimens
837 2511 871 2574 in
896 2511 999 2576 corde
1024 2510 1177 2576 dolorem

239 2618 445 2685 lustinianus
468 2618 529 2696 ait,
553 2637 641 2685 nunc
665 2618 824 2685 libertate
848 2617 1035 2711 fruuntur?

240 2728 335 2792 Nunc
359 2725 485 2793 Veneti
510 2725 632 2793 vestris
655 2726 837 2810 fregerunt
861 2725 973 2792 vincla
997 2724 1143 2806 Poteris,

239 2833 400 2910 Quamvis
419 2832 501 2918 jure
526 2833 622 2900 dedit
645 2833 724 2901 belli
748 2834 886 2900 fortuna
909 2835 1088 2899 subactos:

240 2940 341 3007 Liber
365 2945 400 3008 et
423 2944 474 3008 est
498 2941 618 3023 omniS,
641 2961 743 3026 quern
766 2940 865 3007 duxit
888 2940 1025 3027 opinio:
1050 2941 1165 3006 forsan

240 3049 394 3136 Amplius
418 3047 595 3134 exquiris?
620 3049 744 3116 Veneti
769 3053 830 3116 tua
854 3045 934 3116 vo'ta
957 3049 1156 3114 secundant.

240 3159 335 3224 Anne
360 3156 464 3224 etiam
489 3155 618 3241 repetis
641 3157 776 3224 diverso
801 3157 943 3223 crimine
967 3157 1106 3223 sontes?

241 3267 284 3332 nt
308 3269 441 3347 CorsuS,
465 3250 567 3349 cujus
590 3264 674 3331 ferri
697 3284 939 3350 armorumque
963 3266 1119 3350 potestas

241 3373 423 3440 contundit
443 3372 502 3459 jus
527 3392 627 3441 omne
651 3373 762 3454 seron,
785 3371 974 3456 scelerique
999 3370 1145 3436 nefando

241 3479 383 3548 Nomina
408 3480 544 3548 virtutis
568 3482 723 3561 dederat,
746 3479 795 3546 sic
819 3498 879 3546 ore
904 3479 1082 3564 profatur:

243 3591 369 3658 Solvite
394 3611 473 3658 mox
497 3595 650 3673 cunctoS,
673 3590 733 3676 qui
757 3590 914 3656 libertate
938 3589 1108 3655 fruantur.

243 3699 298 3766 Sic
322 3700 411 3780 volO,
433 3699 483 3765 sic
503 3698 631 3784 jubeo:
656 3697 796 3764 libertas
819 3697 925 3764 leniat
949 3715 1085 3780 aegros

242 3805 329 3883 outo
353 3807 479 3891 plural
502 3807 712 3873 horrendum
736 3808 849 3871 statuo
872 3822 1078 3889 componere
1104 3802 1250 3869 bellum:

245 3917 373 3999 Nempe
397 3913 462 3980 hac
486 3917 599 3980 mente
624 3911 703 3979 dedi
726 3905 917 3978 Austriaois
940 3931 1007 3996 ego
1032 3910 1174 3976 foedera
1197 3906 1303 3993 pacis,

244 4022 483 4090 Vindobonam
507 4024 663 4106 poteram
687 4019 838 4105 cupienti
862 4019 969 4086 milite
996 4017 1105 4084 victor

245 4128 444 4214 Ingredier:
469 4127 579 4211 renui,
603 4130 641 4192 ut
665 4124 746 4194 totis
770 4145 860 4192 nuuc
886 4124 1013 4192 viribus
1031 4125 1149 4190 urbem

245 4241 359 4304 lrruat
382 4236 416 4302 in
442 4239 589 4301 vestram
615 4234 721 4301 miles
746 4235 822 4298 Mea
846 4234 969 4298 dextra
993 4234 1154 4297 Senatum

246 4347 403 4411 Destruet
428 4341 610 4423 imbellem,
633 4339 776 4408 Venetis
799 4358 907 4406 novus
931 4337 1021 4404 Atila
1047 4339 1152 4422 leges,
