3382 5362
729 383 928 449 -123-

307 531 544 615 Francigenae
569 527 671 610 vinee,
695 526 796 594 facile
822 530 857 593 et
882 534 1067 615 penetrare
1092 534 1258 600 lacunas?

309 639 446 720 lrridet‚
469 642 644 722 Bonapars
668 638 765 702 certa
788 653 849 721 spe
874 636 1027 705 fervidus
1051 642 1163 723 ardet,

308 746 370 825 Qui
395 746 524 813 nullum
548 746 621 810 toto
646 743 828 809 cedentem
853 762 897 810 ex
920 745 1060 830 agmine
1085 748 1183 830 vidit,

308 860 351 922 Et
374 871 560 938 numquam
584 849 657 937 ipse
682 867 761 915 suos
785 849 862 914 ullis
886 853 1015 936 pallere
1040 855 1190 941 periclis.

311 961 397 1030 Novi
421 979 488 1045 ego
512 976 610 1044 posse
634 954 688 1021 die
713 960 862 1022 nostram
888 977 956 1026 uno
982 959 1114 1028 vincier
1137 966 1279 1032 Vrbem.

311 1070 457 1150 Perfida,
480 1065 529 1134 sic
552 1062 650 1132 licuit
673 1066 814 1129 Patrum
839 1064 1003 1135 deludere
1028 1072 1185 1136 nearest
1245 1050 1248 1054 “

313 1181 356 1245 Et
380 1175 462 1244 ioris
486 1169 644 1257 augescis
666 1189 812 1255 pugnas,
836 1169 996 1258 intusque
1020 1174 1188 1244 timores?

312 1281 495 1368 Numquid,
519 1278 574 1347 ubi
600 1297 708 1365 parvo
732 1279 950 1362 Margheram
976 1283 1134 1352 examine
1158 1284 1259 1368 Galli,

311 1395 401 1471 Quos
424 1386 528 1457 vestis
551 1383 692 1452 discissa
715 1384 814 1469 tegit,
838 1406 952 1454 rerum
978 1390 1129 1458 omnium
1147 1393 1260 1478 egeni,

311 1501 493 1570 Tormento
518 1492 668 1562 retinent
693 1511 771 1573 uno,
794 1492 1010 1565 circumdare
1035 1502 1143 1567 totam
1256 1503 1259 1510 ’

310 1613 356 1675 Tu
380 1605 495 1693 jactas
518 1602 660 1670 urbem:
686 1603 721 1666 et
744 1601 885 1667 classem
910 1621 1074 1691 superare
1098 1627 1160 1694 per
1184 1610 1292 1676 undas

308 1716 497 1800 Pergentes
520 1707 663 1796 pedibus
687 1710 857 1774 Venetam
882 1712 933 1777 tot
957 1711 1087 1781 viribus
1111 1718 1276 1783 auctam?

309 1822 410 1892 Haud
433 1819 517 1887 satis
540 1821 591 1883 est
614 1813 744 1882 verbis:
770 1814 882 1900 surgit
906 1819 1049 1902 meliora
1072 1824 1251 1905 monend0,

309 1929 416 2000 Solvit
440 1931 475 1996 et
499 1924 655 1993 infandas
678 1921 782 1991 etiam
807 1924 943 1992 Battaia
968 1947 1089 1997 voces:

310 2027 384 2127 lpse
409 2035 468 2104 diu
492 2032 601 2102 tacuit
624 2030 755 2116 lingua,
777 2032 836 2098 sed
861 2036 896 2100 et
920 2041 1043 2119 egerat
1065 2041 1146 2106 ante

308 2151 439 2232 Nempe
462 2161 540 2210 suas
563 2143 691 2227 partes,
714 2143 749 2206 et
773 2140 860 2207 telas
883 2141 956 2228 ipse
980 2148 1147 2213 tumultus

311 2256 458 2323 Texerat
481 2253 649 2330 obtectus,
672 2246 738 2313 fuit
762 2252 797 2314 et
821 2247 870 2315 sio
894 2269 954 2318 ore
978 2253 1133 2320 locutus:

309 2365 358 2431 Ne
383 2359 444 2429 tibi
469 2356 661 2444 displiceat,
683 2353 712 2420 si
735 2373 825 2421 nunc
849 2358 1024 2425 contraria
1048 2360 1152 2428 menti

308 2473 416 2549 Nunc,
439 2465 597 2546 Numine,
619 2467 700 2529 tuae
723 2464 858 2549 profert
881 2466 1050 2533 sententia
1074 2473 1201 2536 nostra.

307 2579 576 2660 Parcequoque
600 2573 646 2650 et,
670 2568 804 2649 Pisana,
828 2569 921 2637 mihi.
946 2575 1004 2639 Est
1028 2575 1232 2661 asperrima,
1254 2576 1347 2659 novi,

307 2687 400 2762 Quae
424 2683 545 2749 reboat
569 2679 649 2758 late,
671 2680 775 2761 atque
800 2677 950 2746 minatur
974 2681 1111 2766 ubique,
1134 2685 1297 2769 procella.

310 2795 473 2860 Tentaret
497 2785 665 2855 tumidum
689 2784 820 2851 siccare
844 2787 983 2868 fretum,
1007 2790 1158 2857 effodere
1182 2790 1342 2859 isthmum

309 2902 422 2984 Atque
445 2913 548 2963 manu
572 2895 714 2979 captare
739 2910 852 2974 auras,
875 2897 909 2961 et
933 2894 1105 2982 stringere
1129 2901 1273 2983 montes

309 3006 373 3087 Qui
396 3005 541 3092 cuperet
564 2998 690 3069 nostris
712 3005 873 3068 avertere
896 3001 1033 3071 sedibus
1057 3005 1168 3074 istam.

308 3115 446 3185 Scilicet
468 3108 623 3180 attonitis
646 3126 780 3196 quoque
800 3107 1007 3194 Jamdudum
1031 3114 1171 3183 auribus
1194 3114 1303 3201 hausi,

309 3220 577 3306 concutiturque
602 3216 684 3284 mihi
708 3216 825 3302 gelido
850 3220 885 3284 et
908 3237 998 3286 nunc
1022 3221 1154 3308 frigore
1171 3227 1302 3311 peetus,

308 3333 400 3399 Trux
423 3328 515 3416 quod
539 3329 618 3395 avet
641 3323 832 3410 coniuratis
855 3345 942 3410 gens
965 3327 1100 3398 ensibus
1124 3350 1258 3399 omnem

308 3436 479 3508 Nobilium
503 3437 640 3503 caetum
663 3431 771 3500 sacris
793 3435 999 3520 transfigere
1025 3438 1141 3526 lectis3

310 3545 343 3615 Si
367 3547 474 3630 neget
497 3540 679 3630 imperium
704 3541 824 3609 firmus
847 3548 982 3614 mutare
1008 3551 1191 3614 vetustum.

1346 2846 1355 2878 2

312 3657 372 3722 Ast
395 3653 475 3739 quid
501 3670 596 3737 opus,
620 3648 716 3717 nobis
740 3669 818 3717 cum
843 3670 909 3718 non
934 3655 1080 3739 exlege
1105 3659 1266 3742 potestas,

310 3759 547 3847 Praecipitare
572 3758 702 3839 modos,
725 3758 953 3845 graviumque
978 3761 1134 3848 pericula
1157 3763 1300 3831 reruml

309 3873 461 3939 Dedecet
484 3869 549 3935 hoc
573 3866 690 3934 nobis:
715 3865 778 3933 soli
801 3886 867 3934 non
893 3887 1073 3954 possumus
1096 3871 1160 3957 ipsi

309 3979 438 4047 Cedere
462 3979 583 4059 Regna
606 3971 700 4054 Dum,
725 3975 812 4041 bello
838 3974 919 4042 licet
942 3979 1117 4064 opprimat
1140 3997 1242 4045 acer:

309 4088 445 4170 Absque
470 4102 578 4165 mora,
602 4081 668 4149 rite
692 4083 778 4149 haec
802 4083 936 4149 cunctis
959 4087 1161 4171 peragenda
1183 4083 1323 4152 solemni

310 4191 458 4260 Concilio
483 4191 653 4272 Patribus,
676 4210 822 4276 quorum
846 4195 937 4257 stant
957 4191 1053 4276 jnra,
1073 4192 1212 4261 coactis.

309 4302 438 4388 Nempe
462 4302 668 4388 potestatem
694 4297 790 4366 nobis
813 4299 975 4368 addicere
999 4304 1131 4368 tantam

1328 3842 1340 3870 0
