3382 5362
631 433 808 499 ...31-

198 571 424 659 Divitiaeque,
447 576 619 661 decusque
644 595 780 643 novum.
806 580 854 643 Tu
878 596 1013 644 sumere
1038 594 1177 664 poenas

197 687 244 751 De
269 683 378 751 tribus
401 683 474 771 ipse
499 684 592 753 Viris
616 685 766 771 poteris:
791 689 851 752 sed
876 689 982 754 verba
1005 690 1177 754 memento

152 838 154 843 >
198 794 319 859 Mutua
343 812 384 858 ne
409 793 552 874 referas,
575 795 667 861 laeto
691 799 730 860 ut
754 814 810 861 res
833 794 946 862 unnine
971 795 1083 861 cedat.

197 902 298 966 Haud
321 903 438 967 tameu
462 898 528 967 ista
552 920 647 968 meos
669 902 777 968 lateat
800 903 972 970 sententia
995 901 1135 982 amicos,

198 1009 286 1084 Quos
309 1025 445 1092 quoque
470 1009 508 1073 tu
528 1006 650 1093 jungis
673 1008 836 1076 comites:
863 1009 1013 1076 edissere
1038 1013 1174 1088 cuncta,
1303 1030 1321 1065 ο

198 1114 231 1182 Si
258 1115 318 1182 tihi
343 1117 411 1182 fert
435 1115 578 1183 animus.
604 1117 673 1183 Vix
696 1119 782 1184 haec
807 1118 864 1184 uhi
888 1117 993 1199 dicta,
1016 1115 1195 1183 trementis

198 1226 327 1290 Ferrea
351 1223 431 1308 equi
457 1228 590 1289 vastum
614 1224 726 1290 sonitu
750 1225 863 1309 quatit
887 1226 1017 1310 ungula
1040 1241 1224 1309 campum3

197 1333 350 1416 Namque
375 1334 641 1415 Bonampartem
664 1331 777 1398 medic
801 1331 892 1399 accit
916 1330 1055 1398 tramite
1080 1328 1190 1395 visum

197 1438 314 1504 Gallus
338 1455 460 1522 eques:
485 1437 554 1504 cito
579 1458 701 1525 rumpe
725 1458 850 1522 moras,
875 1439 908 1505 in
932 1438 1065 1525 prcelia
1089 1454 1202 1515 curre,

197 1544 311 1612 Hostis
334 1545 439 1611 hahet
462 1563 588 1611 muros.
613 1548 660 1612 Vt
684 1546 800 1629 fulgor
823 1546 857 1612 in
882 1547 1023 1613 aethere
1050 1545 1162 1625 velox,

197 1654 293 1729 Quod
318 1651 423 1719 micat
448 1652 579 1737 eruptis
602 1653 800 1740 strepitanti
824 1654 969 1721 nubibus
992 1653 1077 1732 ictu,

197 1759 338 1828 Scandit
362 1778 488 1845 equum
513 1759 674 1828 emittens
697 1781 859 1846 magnam
882 1763 926 1828 de
951 1764 1092 1847 pectore
1117 1776 1250 1839 vocem,

195 1866 334 1936 Credita
360 1885 424 1949 res,
449 1867 548 1949 dixit,
572 1887 808 1955 praecepsque
833 1872 876 1936 ad
900 1872 1016 1937 castra
1040 1864 1205 1934 cucurrit.

197 1979 289 2043 Tunc
313 1994 375 2042 sua
398 1975 472 2042 fata
496 1977 615 2044 fovens
639 1977 765 2062 felicia,
789 1984 932 2065 pectere
956 1978 1064 2044 fastus

195 2082 331 2151 Attollit
356 2102 471 2167 vanos,
495 2082 670 2169 tacitaque
694 2087 842 2171 ambage
865 2086 1046 2171 malignos

196 2193 309 2277 Atque
333 2191 401 2258 iter
425 2191 632 2276 aggreditur
656 2193 808 2260 Patriam
834 2194 988 2261 Julianus
1011 2193 1055 2259 ad
1079 2207 1235 2274 aegram,

195 2303 330 2384 Perque
356 2298 446 2364 viam
471 2300 558 2365 haec
581 2319 698 2366 secum
723 2303 896 2369 flammatu
921 2302 1024 2369 corde
1050 2299 1194 2365 volutat.

195 2406 305 2488 Felix,
327 2405 355 2474 si
379 2426 513 2493 possem
537 2408 581 2473 ad
606 2408 756 2475 faustum
781 2430 854 2476 rem
879 2412 1006 2476 ducere
1031 2410 1134 2472 linem

196 2518 292 2582 Nunc
316 2517 403 2600 ego!
429 2515 457 2581 si
482 2516 581 2600 regui
606 2514 703 2582 nchis
726 2518 896 2584 donentur
919 2515 1094 2584 habenae!

196 2623 377 2690 Perjidiem
402 2622 523 2689 vinclis
548 2623 724 2705 fraenahc,
749 2628 784 2690 et
807 2643 948 2692 carcere
973 2623 1109 2707 nigram

198 2729 521 2816 Inquisitorumque,
545 2732 733 2815 decemque
758 2731 900 2799 Viriun:
926 2731 1040 2799 omnia
1064 2730 1157 2795 l'errc

198 2837 386 2923 Suhjiciam
410 2837 520 2919 sortis,
544 2837 626 2904 mihi
652 2858 693 2905 ne
718 2840 787 2905 ulla
811 2841 987 2906 obstacula
1011 2839 1105 2903 liant.

197 2944 252 3012 Sic
275 2946 415 3013 rabidus
438 2945 542 3030 sylvis
566 2965 701 3030 qunque
726 2966 804 3013 cum
829 2947 914 3013 sur-it
937 2947 1041 3012 ardor
1065 2939 1192 3010 edendi

199 3056 307 3120 Vrsus
329 3071 366 3120 se
390 3072 559 3140 praeceps
582 3056 729 3136 ccrrt'ert,
753 3057 937 3139 oculosque
961 3053 1112 3119 minaces

198 3160 313 3228 Vertit
337 3160 462 3245 ubique
488 3162 615 3242 linens,
640 3166 754 3228 vastus
778 3166 813 3227 et
836 3163 956 3247 pandit
980 3160 1105 3240 hiatus,

197 3271 239 3335 Et
262 3269 407 3335 rehcant
430 3269 537 3334 saltus
560 3267 695 3352 gemitu
719 3272 919 3353 montesque
944 3265 1116 3335 frementi.

196 3377 240 3442 Et
264 3377 366 3458 longe
390 3374 559 3460 aspiciens
582 3377 760 3460 praedam,
784 3395 847 3460 per
871 3376 1042 3462 inhospita
1066 3370 1175 3440 currit

196 3486 239 3549 Et
263 3486 370 3564 tenet,
394 3487 429 3549 et
453 3480 575 3566 rigidis
599 3502 688 3548 nunc
712 3484 871 3549 dentibus
895 3484 1020 3550 emicat
1044 3481 1179 3558 ardens,

196 3592 239 3656 Et
263 3591 370 3656 laniat
388 3591 538 3671 ,catulos
562 3591 778 3675 pereditque,
801 3610 936 3657 cmnem
962 3591 1080 3676 explet
1103 3591 1138 3653 et
1162 3586 1259 3651 iram.

197 3699 224 3765 Ο
249 3716 388 3763 saevum
414 3698 503 3763 hunc
527 3696 698 3762 huminem
724 3699 825 3764 tellus
848 3699 1017 3783 adaperta
1040 3694 1190 3773 dehisce,

196 3805 374 3870 Infandum
398 3804 432 3869 in
457 3808 574 3889 caput,
598 3824 617 3870 0
642 3806 788 3885 coelum,
812 3807 854 3871 de
880 3804 1024 3870 mihihus
1048 3803 1164 3887 ignem

195 3913 289 3979 Heu!
312 3910 454 3996 jacula:
480 3911 552 3978 fatu
576 3911 745 3978 meriatur
770 3913 922 3997 pertidus
946 3918 1034 3992 atra,

194 4022 323 4104 Tuque,
346 4021 566 4085 tenebrarum
592 4022 732 4101 Rectcr,
756 4040 839 4106 rape
864 4023 998 4086 tartara
1021 4018 1055 4083 in
1079 4017 1158 4083 ima.

194 4130 337 4210 Jamque
363 4126 475 4192 locum
501 4125 681 4212 pertingit,
705 4126 763 4195 uhi
787 4127 964 4212 Liquetius
987 4125 1096 4191 amnis

193 4231 339 4316 Gurgite
364 4232 549 4319 praecipiti
572 4233 691 4299 linrunr
716 4233 901 4315 convolvit,
926 4240 961 4301 et
985 4252 1102 4300 cinnes

194 4341 230 4405 ln
256 4358 351 4405 mare
375 4341 490 4405 versat
513 4359 631 4424 aquas,
654 4344 757 4425 atque
782 4340 896 4407 primia
918 4360 1093 4407 nmrnmre
1116 4344 1280 4428 ctrinplet.
