3368 5316
717 349 903 464 414-

292 544 403 609 Caeca
418 543 560 607 Patruru
578 539 689 607 tenuit
705 539 847 608 nimium
865 541 1093 628 praecordIa:
1110 561 1248 612 narrem

293 651 386 726 Quae
404 649 509 716 suerit
525 647 668 717 Venetis
683 667 820 735 quoque
837 650 1033 736 desperatio
1052 669 1182 733 vecors,

292 761 375 826 Cum
392 762 505 825 terror
522 757 622 825 foede
640 757 812 825 concussit
828 759 934 827 corda
951 760 1097 828 dolosus.

292 867 453 952 Eloquar,
469 869 505 934 at
522 864 677 934 radiatus
692 865 821 932 amanti
839 865 984 933 Numine
1001 869 1122 950 Vates

292 973 546 1060 Historiamque
563 992 699 1041 omnem
715 972 851 1041 sincero
867 974 1022 1043 carmine
1039 975 1164 1042 dicam.

293 1081 349 1150 Sin
367 1082 489 1163 minus,
505 1101 549 1150 ex
565 1080 673 1148 oculis
689 1082 859 1166 lacrymas
875 1083 1060 1169 perfundet
1076 1100 1212 1149 amaras

293 1188 403 1257 Triste
419 1189 502 1255 mihi
518 1207 590 1270 cor,
606 1196 642 1256 et
658 1208 695 1256 os
711 1188 888 1275 disperdet
903 1188 1019 1256 inanIa
1036 1193 1143 1257 verba

294 1297 475 1378 Montibus
491 1302 526 1364 et
542 1296 665 1377 surdis,
681 1298 827 1363 obscura
843 1297 1034 1379 cacumIna,
1049 1295 1152 1378 saris,

295 1407 338 1471 Et
354 1405 452 1472 dolor
468 1403 603 1469 interea
619 1405 751 1470 moesta
766 1402 991 1469 renovabitur
1008 1403 1112 1470 Echo.

295 1513 391 1581 Nunc
408 1530 494 1597 opus
509 1511 712 1595 aggredior,
728 1508 868 1576 ‚Iuvenis
884 1509 1090 1592 dulcissime,
1107 1511 1231 1577 nostris

252 1706 255 1713 Ι
295 1624 343 1686 Tu
361 1624 523 1702 mentem,
539 1624 643 1706 atque
660 1619 823 1702 animum,
839 1624 875 1687 et
891 1623 1020 1706 praebe
1036 1640 1172 1706 quoquo
1190 1619 1332 1688 vocilius

295 1731 338 1795 nt
350 1727 452 1813 J'uvet
468 1731 608 1795 annales
625 1733 821 1797 nostrorum
838 1727 959 1794 audire
977 1728 1155 1795 malorum.
1248 1747 1381 1810 aurem,

295 1834 425 1904 Gallica
441 1855 527 1922 gens
542 1855 653 1922 nuper
670 1836 782 1921 regali
798 1835 965 1920 sanguiue
982 1837 1085 1904 foeda

295 1949 355 2012 Jus
370 1945 493 2013 sceleri
510 1947 654 2013 dederat
671 1945 879 2033 perfundens
895 1964 980 2011 arva
997 1963 1120 2012 cruore

297 2053 484 2137 Immerito,
501 2054 693 2140 meritoque
710 2054 809 2121 simul
825 2076 831 2119 :
849 2072 913 2121 nec
928 2053 1097 2138 sanguine
1114 2052 1181 2120 iusi

297 2162 478 2230 Sufficiunt
494 2161 650 2230 Rhodani
667 2164 801 2243 fluctuo,
816 2163 1007 2246 fluctusque
1025 2163 1219 2228 Garumnae

297 2271 349 2336 Ad
367 2274 484 2356 potum
500 2292 506 2335 :
524 2274 561 2336 at
577 2269 698 2339 rabido
715 2271 895 2356 plusquam
912 2266 1028 2335 civilia
1044 2271 1148 2336 corde

296 2379 390 2444 Bella
406 2378 511 2444 micat
527 2379 664 2446 fervens
680 2382 790 2445 totum
808 2377 952 2444 miscere
970 2396 1032 2463 per
1048 2379 1176 2444 orbern.

297 2485 420 2571 Erupit
437 2489 622 2574 BonaparS,
638 2487 759 2571 genuit
775 2505 877 2571 quern
895 2484 1031 2552 Corsica
1047 2485 1159 2567 tellus

297 2595 486 2660 Monstrum
502 2593 663 2676 immane,
679 2593 800 2678 iugens
814 2615 819 2656 :
834 2591 956 2677 genuit
972 2612 1039 2677 quo
1053 2592 1235 2660 immanius
1253 2594 1359 2660 ullum

296 2704 403 2766 Terra
419 2701 519 2768 teror
536 2722 699 2787 usquam:
717 2703 839 2769 credas
856 2702 1084 2784 phlegetonte
1101 2704 1287 2787 repulsum.

296 2813 445 2894 Corpore
463 2829 591 2894 parvus
608 2816 695 2890 orat,
711 2809 835 2876 mentis
850 2811 910 2875 sed
928 2808 1084 2876 acumine
1102 2829 1248 2894 pravus:

298 2914 443 2999 Insignis
460 2935 599 2982 versare
616 2918 723 2998 dolos,
739 2935 878 2982 versare
896 2915 1046 3002 rapinas,

297 3022 515 3106 Legifragus,
531 3023 736 3108 variausque
753 3025 856 3090 Iidem
873 3043 936 3109 pro
953 3030 1109 3110 ternpore
1126 3043 1272 3106 sacram,

297 3132 338 3197 Se
355 3129 448 3209 colit,
464 3134 500 3197 et
517 3131 648 3198 tumido
666 3133 850 3218 prodentes
866 3135 1008 3216 pectore
1024 3133 1167 3218 spernit.

295 3237 536 3323 Arrogatipso
554 3237 617 3304 sibi
630 3222 744 3322 genus
760 3237 958 3305 bacchantis
974 3238 1089 3323 iniquc

296 3343 495 3430 Imperium,
511 3350 615 3430 atque
631 3346 743 3430 magis
758 3345 936 3412 succendit
951 3350 1095 3431 pectora
1112 3345 1245 3413 verbis:

296 3457 323 3521 0
340 3453 436 3535 socii,
452 3455 576 3521 merita
593 3456 715 3523 clausit
731 3459 831 3524 modo
850 3455 977 3522 lumina
993 3461 1115 3538 morte,

296 3560 357 3636 (lui
375 3562 498 3646 laqueo
517 3568 648 3630 vosmet
666 3563 722 3630 vili
739 3563 991 3650 perstrinxerat
1008 3584 1125 3649 usque.

295 3672 366 3737 Vos
382 3674 487 3755 caput
504 3669 593 3736 illius
610 3671 717 3739 fortes
733 3671 917 3739 truncastis
933 3676 1108 3754 acerinam,

295 3774 418 3842 Libera
434 3796 564 3862 perque
582 3797 701 3844 rnanus
717 3778 856 3864 captiva
873 3779 1009 3846 Lutetia
1028 3786 1160 3846 vestras

295 3885 402 3949 Laeta
414 3883 487 3951 dies
503 3884 618 3970 coepit
635 3885 727 3952 vitoe
744 3905 954 3970 cognoscere
971 3889 1111 3954 inustos.

294 3994 421 4060 Reddit
437 3999 472 4062 et
488 3993 671 4062 immensas
686 4000 818 4079 grates,
835 4002 870 4064 et
885 3997 995 4063 laudis
1011 4000 1157 4066 honores

296 4100 474 4168 Decernit:
492 4107 650 4188 superest
667 4102 780 4187 maior
796 4107 856 4172 sed
872 4104 984 4189 gloria
1001 4105 1105 4173 robis.

294 4208 520 4295 Conspicuum
538 4209 681 4291 lacinus,
697 4217 905 4295 gratumque
922 4231 1008 4298 opus
1024 4213 1178 4280 omnibus
1195 4220 1316 4300 optant

298 4317 393 4383 Nunc
412 4315 529 4405 populi
547 4336 651 4383 saeva
667 4318 843 4403 crudaque
860 4319 1041 4402 tyrannide
1058 4321 1186 4387 tientes.
