3382 5362
758 427 934 494 ...17-

325 571 411 640 Hinc
428 576 549 642 Metus.
567 577 602 641 et
618 576 817 643 malesuada
833 578 965 660 Fames,
982 581 1017 643 et
1037 576 1148 663 turpis
1164 578 1322 661 Egestas,

326 681 509 750 Terribiles
525 702 658 767 angues
674 683 769 750 visu:
787 683 972 766 immatura
989 687 1165 767 Senectus

324 791 368 856 Et
384 792 496 873 Dolor,
512 795 617 876 atque
633 793 744 865 Labor
761 790 912 859 imbellia
928 794 1082 860 membra
1097 793 1322 877 retorquent:

325 896 474 974 Quilibet
490 901 667 967 effundens
683 903 801 968 tabum
818 900 922 986 longo
939 900 1058 969 ordine
1075 899 1194 989 serpit,

325 1005 484 1073 Sensibus
499 1006 696 1075 innumeros
712 1012 815 1094 atque
833 1007 964 1076 ossibus
979 1007 1135 1096 implicat
1150 1007 1261 1093 ignes,

324 1115 384 1180 Est
399 1134 615 1200 quocumque
632 1116 705 1184 lues
722 1117 817 1183 vario
834 1118 993 1202 sublapsa
1010 1135 1152 1184 venene.

323 1219 410 1289 Hinc
427 1221 540 1289 rabies
555 1222 703 1290 trucium
721 1224 896 1290 Gallorum
913 1224 1023 1292 saevit
1040 1223 1176 1309 ubique.

323 1328 439 1395 Saevit
454 1333 490 1396 et
506 1333 583 1396 atra
599 1330 707 1397 fames
723 1330 844 1416 opibus
860 1331 1017 1398 satianda
1033 1329 1170 1397 Latinis.

322 1436 408 1501 Nam
425 1441 518 1518 tnnc,
534 1456 612 1503 curn
629 1456 715 1520 gens
731 1439 817 1504 baec
834 1438 966 1524 rigidas
981 1440 1208 1524 superaverat
1224 1436 1340 1524 Alpes,

323 1544 523 1611 Terribilem
540 1544 614 1611 visu
631 1549 798 1630 probrosa
813 1550 993 1632 premebat
1010 1551 1156 1631 egestas

321 1649 421 1718 Hirta
437 1671 547 1734 corna,
564 1656 701 1720 arentes
716 1655 846 1735 lauces,
863 1660 898 1721 et
908 1656 1024 1742 'pallor
1040 1653 1075 1719 in
1092 1670 1165 1734 ore,

321 1759 437 1826 Vestis
453 1763 489 1827 et
505 1761 711 1828 obscaenum
728 1761 883 1829 lacerata
898 1765 1076 1830 retexerat
1091 1760 1231 1844 inguen.

320 1867 418 1935 Alter
436 1871 511 1936 erat
528 1868 633 1951 ferro,
649 1868 806 1954 igniferis
821 1870 1011 1939 instructus
1027 1873 1062 1937 et
1079 1865 1185 1936 armis

257 1990 260 1996 ·
320 1976 417 2043 Alter
434 1981 511 2044 erat
527 1976 657 2063 paucis
673 1978 795 2046 baculo
811 1979 963 2046 munitus
979 1982 1015 2046 et
1030 1979 1129 2044 alter.

320 2084 489 2171 Turpibus
504 2085 591 2153 haec
607 2091 741 2153 constat
758 2088 928 2156 bacchans
945 2075 1124 2174 plebecula
1139 2079 1263 2162 mimis,

319 2191 494 2275 Cosmetis
510 2193 733 2279 cauponibus
748 2194 893 2279 aurigis,
909 2192 1125 2278 famulisque,

320 2299 385 2366 Vel
401 2319 485 2384 quos
501 2300 708 2387 promeritos
724 2320 845 2369 carcer
862 2303 1069 2370 conduserat
1085 2300 1239 2378 horrens

317 2406 470 2491 Legibus
486 2408 632 2489 offensis
648 2413 805 2476 sontesve
823 2409 1002 2477 inhonesta
1019 2405 1179 2475 triremis.

318 2513 461 2581 Tristius
477 2516 569 2581 haud
586 2515 652 2582 illis
668 2521 869 2599 monstrum,
885 2516 1123 2603 Harpyiasque
1139 2518 1293 2600 putares,

316 2624 406 2697 Quas
422 2625 592 2690 obscaena
609 2624 717 2692 sames
733 2625 920 2711 compellit,
937 2623 1047 2710 turpis
1064 2622 1179 2701 etim,

315 2731 462 2815 atquae
479 2733 523 2797 ad
540 2751 600 2798 nos
617 2733 777 2817 quatiunt
792 2735 911 2800 t'oedas
926 2730 1147 2816 clangoribus
1163 2730 1246 2809 alas,

315 2840 362 2903 Vt
377 2837 515 2923 rapiant
532 2858 639 2922 escas,
655 2845 885 2925 contactuque
903 2840 1017 2908 omnia
1033 2839 1184 2906 l'oedant.

314 2945 463 3020 Quodvis
479 2948 693 3014 turbanesas
710 2947 908 3032 meditatur,
925 2946 1065 3032 nequid
1082 2945 1251 3024 inausum,

314 3054 383 3120 Ant
399 3054 605 3122 intentatum
622 3057 806 3123 scelerisve
823 3058 935 3125 dolive
952 3058 1082 3123 suisset.

313 3161 418 3228 lrruit
433 3161 466 3227 in
485 3165 640 3248 populos,
656 3166 780 3231 caedes
797 3170 832 3231 et
848 3167 974 3231 damna
990 3163 1152 3242 minatur,

312 3270 380 3335 Sub
397 3268 566 3336 libertatis
582 3271 709 3356 specle,
725 3290 813 3357 quae
831 3280 975 3358 pectora
991 3273 1130 3338 mulcet.

311 3379 498 3444 Convertas
514 3398 742 3464 quocumque,
758 3378 842 3445 nihil
858 3378 922 3445 nisi
938 3378 1087 3464 plurima
1104 3375 1224 3443 mortis

311 3484 390 3551 Sese
407 3484 515 3552 oculis
531 3487 611 3567 sert,
627 3486 806 3554 libertates
822 3487 982 3573 pignora,
1000 3492 1112 3554 tetrae

312 3592 471 3677 Vndique
487 3593 604 3677 imago
621 3593 698 3661 tuis
715 3597 830 3678 Reges
847 3615 865 3661 e
882 3595 1019 3662 sedibus
1034 3592 1113 3660 altis

309 3701 499 3786 Abrepturn
516 3701 604 3787 pulsi
620 3706 795 3787 sceptrum
812 3708 847 3769 et
864 3703 1062 3769 diademata
1077 3702 1225 3787 plorant.

309 3807 492 3892 Expoliant
508 3810 652 3894 populos
668 3809 797 3876 indicta
814 3810 944 3877 tributa
960 3811 1115 3889 licenter,

308 3916 415 3981 Furta
432 3917 550 3983 domos
568 3919 787 4002 populantur,
804 3937 898 4004 opes
914 3917 1062 3999 aeraria,
1078 3917 1217 4001 templa.

310 4023 485 4088 Abductas
500 4023 564 4090 sibi
581 4030 698 4110 pastor
715 4044 807 4110 oves,
824 4025 887 4093 sibi
903 4031 1020 4093 aratra
1037 4025 1177 4093 colonus

306 4131 425 4211 Deflet,
441 4135 477 4196 et
493 4135 632 4216 ereptos
648 4131 710 4198 sibi
729 4134 858 4200 rustica
875 4136 976 4200 turba
988 4133 1168 4217 juvencos.

307 4235 361 4302 Sic
379 4236 485 4302 veluti
504 4243 638 4303 torrens
654 4239 753 4304 undis
768 4240 975 4327 pluvialibus
991 4246 1123 4323 auctus

305 4341 483 4429 Ripasque
500 4343 683 4429 indignans
699 4348 803 4413 llavos
819 4349 1038 4435 perfunditur
1053 4342 1178 4432 agros:
