3382 5362
664 400 842 466 ,89-

235 559 453 633 Armentum,
477 550 677 633 catulosque
701 546 798 613 ferae
823 547 999 614 enitantur
1017 547 1152 637 ‚inultae

234 668 352 749 Vsque
377 655 606 752 triumphatis,
630 652 873 739 duraturisque
897 655 1015 722 ruinis.
1064 667 1066 671 ·

233 773 340 838 Arma
363 767 473 852 igitur
496 763 603 830 sacris
626 763 988 847 tandem.suspendite
1013 764 1160 851 templis,

234 882 347 964 Atque
372 880 440 942 heo
465 875 614 938 vestram
639 888 771 936 summo
796 870 1003 938 committite
1027 876 1166 940 sortem.

235 988 295 1054 1116
319 985 425 1070 caput
449 977 560 1047 saevis
579 976 655 1062 jam
680 980 838 1044 conteret
861 977 1012 1045 hostibus
1036 981 1155 1062 altum,

234 1092 382 1172 Credite,
405 1092 441 1156 et
464 1085 571 1172 impia
594 1086 697 1151 turba
720 1083 817 1152 brevi
841 1084 1065 1153 bacchabitur
1089 1106 1186 1155 aevo.

234 1206 305 1270 Vos
327 1197 436 1286 petite
460 1200 564 1279 atque
589 1194 719 1272 domos,
742 1196 910 1260 moestum
935 1193 1040 1261 lenite
1064 1195 1218 1263 dolorem

235 1306 457 1394 conjugibus
482 1306 664 1386 vestroque
688 1302 803 1368 ferant
826 1321 889 1369 sua
912 1303 1055 1372 brachia
1078 1306 1166 1374 collo

232 1417 396 1486 Ridentes
418 1411 503 1492 nati,
527 1408 602 1476 visu
626 1409 803 1495 fraterque
828 1429 993 1497 sororque

230 1524 395 1604 Gaudeat,
419 1525 454 1589 et
477 1521 617 1586 resonet
640 1516 740 1583 laetis
762 1518 984 1603 applausibus
1008 1522 1140 1589 aether.

232 1636 281 1701 Ne
305 1630 437 1719 pigeat,
461 1630 557 1696 certe
580 1625 666 1691 haec
690 1622 771 1691 olim
795 1623 918 1693 t'ecisse
938 1625 1088 1712 juvabit.

232 1739 369 1809 Auxilia
393 1737 481 1803 heu!
507 1732 642 1820 quoties
664 1733 817 1803 Venetos
841 1737 877 1801 et
900 1736 1247 1824 promptarogastis,

232 1851 303 1916 Nec
326 1842 453 1915 Veneti
476 1843 658 1929 praebere,
680 1858 743 1908 nec
768 1841 934 1911 exaudire
958 1849 1127 1932 petentes.

232 1958 366 2035 Quanta
390 1950 517 2022 etenim
541 1952 683 2017 ruerent
707 1968 823 2016 rerum
847 1950 1046 2020 discrimina
1069 1955 1232 2042 prudens

232 2066 408 2148 Quamque
432 2060 576 2127 molesta
599 2057 713 2125 forent
736 2057 870 2144 pridem
896 2062 963 2127 Res
986 2061 1124 2149 publica
1147 2065 1257 2131 norat.

233 2176 327 2257 Ergo
352 2188 412 2237 vos
435 2165 538 2235 vultis
561 2163 668 2232 oculis
692 2165 881 2234 decernere
905 2170 1033 2254 pervia,

232 2281 328 2358 Quod
353 2277 411 2344 vix
434 2277 507 2363 ipse
531 2276 645 2361 potest
669 2274 776 2340 oculis
800 2276 868 2343 Leo
893 2296 1037 2346 cernere
1060 2280 1203 2367 apertis,

232 2389 396 2472 Quodque
421 2384 538 2451 videre
563 2384 656 2449 valet
680 2382 738 2448 vix
762 2401 895 2450 summa
918 2386 1063 2453 scientia
1086 2387 1213 2472 regni?

231 2497 370 2564 Dixerat
394 2495 429 2559 61
453 2492 618 2578 populum
642 2491 740 2583 sedat
762 2492 976 2560 sermonibus
999 2514 1127 2562 acrem.
1224 2528 1226 2532 ⁸

230 2601 378 2680 Quilibet
401 2619 497 2665 arma
522 2597 604 2663 viris
628 2616 744 2664 coram
769 2617 915 2684 posuere
940 2602 1105 2688 probatis,

230 2717 272 2780 Et
296 2709 434 2799 pietatis
458 2727 545 2795 opus
568 2712 771 2775 cunctorum
796 2713 942 2794 pectora
965 2714 1104 2780 mulcet.

230 2825 296 2889 Cur
319 2837 386 2886 non
410 2817 445 2884 in
468 2817 582 2884 Gallos
607 2813 720 2901 potius
743 2817 934 2885 renovastis
958 2822 1113 2902 acerbas,

228 2931 317 3006 Quas
340 2925 420 2995 olim
446 2922 532 2990 vidit
556 2923 681 2990 caedes
704 2921 882 2991 Trinacria
907 2927 1008 2994 tellus

229 3037 305 3104 Sole
328 3035 390 3102 suh
415 3029 571 3112 66611166,
594 3030 769 3097 Gallorum
793 3034 829 3098 61
852 3035 1007 3102 membra
1029 3033 1246 3103 inhumavit?
1281 3044 1285 3051 '

228 3143 381 3211 Primum
405 3158 491 3226 ergo
516 3136 693 3225 expoliant
717 3139 832 3206 Gallos
851 3137 927 3225 jam
952 3142 1072 3211 funere
1098 3140 1237 3228 11161666,

228 3250 291 3329 Qui
316 3252 418 3335 longe
442 3251 579 3333 lateque
602 3245 683 3329 suis,
706 3248 811 3314 denso
835 3267 980 3333 aggere,
1004 3250 1135 3320 circum

230 3358 436 3447 Corporibus
458 3357 568 3425 foedis
591 3355 723 3423 telluris
745 3375 878 3422 summa
901 3361 1105 3442 gravabant.

228 3469 353 3552 Magna
375 3465 514 3552 quidem
537 3462 716 3532 inveniunt
739 3468 932 3532 scrutantes
954 3468 1110 3554 pondera
1135 3467 1219 3535 tulvi

228 3574 386 3660 Argenti,
409 3572 543 3660 populis
566 3570 759 3639 imbellibus
782 3573 933 3659 undique
958 3574 1061 3662 rapti.

228 3683 343 3767 thue
367 3683 475 3764 fluunt
500 3681 667 3763 volucres
691 3684 726 3746 et
750 3680 854 3747 denso
880 3680 913 3746 in
938 3685 1094 3770 tempore
1118 3681 1237 3752 messis

228 3789 374 3872 Agmine
399 3790 575 3873 neglectas
598 3787 718 3856 rostris
742 3792 939 3883 scrutantur
962 3791 1095 3874 aristas,

228 3899 268 3964 Se
293 3900 448 3964 saturant
471 3896 588 3981 granis
611 3896 779 3980 gaudenti
803 3901 838 3963 et
861 3901 1004 3982 gutture
1030 3898 1153 3986 opimis
1166 3920 1175 3986 ;

227 4003 281 4072 Sic
304 4024 440 4090 quoque
464 4006 566 4071 turba
589 4003 686 4071 novis
711 4005 858 4070 laetatur
883 4003 996 4072 villica
1019 4002 1179 4092 praedis.

227 4114 351 4179 Postea
374 4116 410 4178 61
433 4111 574 4179 amissos
597 4111 707 4179 socios
731 4130 794 4197 per
818 4117 934 4179 castra
957 4114 1159 4199 requirunt:

228 4221 311 4285 Nam
336 4239 431 4286 mens
453 4223 591 4286 turbata
614 4224 665 4288 est
688 4219 831 4286 animosi
856 4221 977 4288 funere
1003 4222 1111 4306 vulgi,
1135 4225 1171 4289 et

228 4327 461 4416 Praecipitant
485 4347 589 4395 curae
613 4328 715 4397 sociis
739 4317 823 4396 dare
846 4333 982 4417 tempus
1005 4330 1196 4397 humandis.

1224 4473 1240 4526 t
