3382 5362
935 396 1136 461 -106-

511 541 566 609 Sic
589 562 724 629 quoque
750 542 912 612 terribilis
934 543 1105 628 quondam
1130 559 1173 606 ex
1201 541 1265 607 bac
1288 540 1367 607 sede
1393 539 1512 625 fugavi

511 649 718 732 Luciferum,
742 655 940 735 turmasque
963 668 1041 716 suas
1064 666 1141 713 mea
1165 666 1275 730 regna
1298 652 1466 734 petentes

510 755 596 823 Hinc
621 756 843 824 Velinctonus
866 760 1006 840 gratum
1031 754 1272 820 memorandus
1295 753 1328 818 in
1353 773 1476 820 aevum

509 863 639 930 Gallica
663 864 855 931 cunctando
882 861 1055 948 Hesperiis
1078 862 1177 945 fugat
1201 859 1341 944 agmina
1364 862 1408 927 ab
1433 859 1515 942 oris,

509 973 550 1038 Et
574 972 712 1038 tandem
737 970 846 1038 caesis
871 969 982 1036 valide
1007 972 1058 1035 tot
1082 966 1240 1051 millibus,
1264 986 1356 1034 acer.

509 1077 649 1145 Excutit
673 1076 857 1164 Hispanam
882 1075 1030 1161 raptoris
1053 1074 1148 1142 crine
1172 1093 1345 1141 coronam.

507 1187 662 1252 Sarmata
686 1187 858 1265 Platovus,
881 1187 1062 1269 postquam
1084 1181 1158 1266 jam
1184 1181 1334 1249 reddidit
1357 1200 1460 1248 ausus

507 1294 661 1360 Fallaces
685 1292 778 1360 Corsi
802 1309 967 1378 superans
991 1293 1125 1357 Moscae
1150 1289 1300 1374 undique
1323 1291 1472 1370 flamma,

507 1402 550 1466 Et
573 1398 708 1484 gelidus
732 1402 858 1467 Boreas
881 1401 998 1465 nostro
1022 1400 1104 1463 tunc
1128 1396 1265 1464 numine
1290 1415 1395 1463 venas

506 1506 671 1575 Militibus
695 1507 848 1575 trucibus
872 1504 1057 1575 constricto
1081 1503 1247 1589 sanguine
1271 1502 1405 1584 clausit,

506 1613 701 1699 Insequitur
724 1613 883 1699 reliquos
908 1620 945 1680 ut
968 1617 1065 1680 tanto
1089 1631 1132 1679 ex
1157 1612 1295 1697 agmine
1319 1612 1431 1678 nullus

505 1725 696 1803 Frustrat0‚
719 1722 936 1808 profugaque
961 1718 1055 1802 Duci,
1078 1718 1142 1786 nisi
1165 1717 1326 1801 dedecus
1350 1718 1448 1785 adsit.

507 1832 550 1897 Et
573 1826 728 1915 quamvis
751 1828 906 1914 geminet
929 1846 1072 1894 numero
1096 1825 1229 1912 majore
1253 1827 1411 1894 cohortes

505 1940 626 2005 dorsus
648 1937 761 2003 adhue
785 1935 933 2017 rabidas,
955 1937 1132 2019 tentetque
1155 1933 1310 2020 pericula
1332 1932 1445 2016 sortis,

504 2048 554 2112 En
578 2045 658 2126 duo,
680 2062 769 2129 quae
794 2044 929 2128 fulgere
954 2040 1049 2108 vides
1072 2061 1149 2108 cum
1174 2045 1341 2128 praepete
1365 2061 1479 2126 cursu,

504 2155 553 2219 En
577 2153 645 2219 duo
669 2156 887 2237 prosternent
911 2148 1066 2216 ardentia
1089 2148 1232 2215 fulmina
1254 2148 1355 2216 belli:

504 2258 612 2326 Milite
636 2257 777 2345 stipabit
802 2261 925 2324 Prusso
950 2255 1150 2323 Blucherius
1173 2257 1308 2338 ardens,

503 2370 550 2434 Vt
573 2364 678 2434 dubia
700 2367 837 2433 tandem
863 2369 1035 2452 Bonapars
1058 2364 1194 2431 cervice
1219 2366 1375 2432 laboret:
1422 2360 1423 2368 '

501 2476 625 2543 Postea
649 2473 874 2558 Sequanicum
900 2478 994 2541 retro
1018 2492 1096 2540 cum
1121 2476 1233 2539 vertet
1256 2473 1300 2538 ad
1323 2491 1459 2539 amnem

503 2586 677 2651 Detestata
700 2585 825 2648 Ducem
850 2579 1021 2648 defunctis
1044 2579 1172 2648 viribus
1196 2585 1310 2648 atrum

501 2688 671 2776 Agmina3
689 2687 830 2768 sublimi
854 2707 994 2775 prorsus
1017 2687 1144 2755 virtute
1168 2690 1346 2755 subactum

499 2799 678 2886 Captivum
703 2797 1015 2882 Svarzemberghus
1038 2797 1152 2864 trahet
1175 2816 1256 2865 acer
1278 2797 1321 2861 ad
1346 2798 1511 2863 Helbam:

500 2906 555 2975 Sic
579 2907 637 2975 ubi
661 2909 844 2992 torquebat
868 2924 1033 2973 convorso
1058 2904 1200 2972 crimino
1225 2907 1350 2986 sontes,

499 3015 612 3080 Insula
635 3011 834 3079 criminibus
857 3010 947 3079 veris
972 3013 1103 3078 famosa
1126 3013 1285 3079 fluentem

498 3121 652 3202 Claudat,
676 3123 712 3188 et
735 3121 897 3189 obscuros
919 3118 989 3186 illic
1013 3120 1107 3186 ferus
1131 3118 1250 3204 exigat
1274 3137 1389 3186 annos

498 3225 553 3296 Sic
577 3247 656 3313 ego,
679 3226 737 3314 qui
761 3229 861 3312 largo
885 3232 1027 3295 cunctos
1050 3228 1259 3295 calefecerat
1282 3246 1399 3295 amnes

498 3334 684 3421 Sanguine,
706 3338 741 3401 et
764 3334 947 3403 attonitum
972 3336 1139 3420 reprobus
1163 3338 1406 3403 tremefecerat
1430 3335 1561 3419 orbem,

498 3445 541 3512 Et
564 3443 628 3512 sibi
651 3442 828 3525 conscivit,
852 3463 940 3530 quae
965 3449 1042 3512 sunt
1066 3465 1144 3512 mea
1167 3446 1316 3528 nomina,
1339 3465 1478 3533 pravus,

495 3551 657 3621 Pronitus
680 3551 847 3620 ulciscor:
873 3572 963 3621 nunc
986 3553 1072 3621 scito
1096 3553 1279 3624 altissimus
1303 3574 1389 3637 esse,

496 3659 602 3738 Quem
623 3659 698 3746 jam
722 3659 844 3727 devexi
870 3662 1085 3748 lymphatum
1108 3664 1151 3729 ad
1176 3665 1325 3733 culmina
1349 3682 1477 3745 rerum,

496 3769 543 3836 Vt
566 3769 663 3855 lapsu
686 3768 849 3853 graviore
872 3788 952 3835 ruas
976 3789 1052 3837 mea
1076 3773 1221 3840 Numina
1245 3790 1419 3861 spernens.

495 3875 650 3962 Amplius
673 3876 775 3955 haud,
800 3879 983 3963 Bonapars‚
1008 3898 1134 3946 vesana
1156 3882 1318 3969 superbia
1341 3882 1476 3949 coelum

494 3983 676 4064 Provocet
698 3987 801 4068 atque
826 3984 932 4066 dolos,
956 4005 1110 4070 pressum
1134 3989 1231 4073 queis
1254 3987 1376 4073 dirigis
1400 3990 1532 4067 orbem,

494 4092 560 4156 Fas
583 4094 633 4157 est
657 4110 817 4157 aversor:
843 4096 984 4158 noscant
1009 4096 1069 4159 tua
1095 4098 1251 4182 tempora
1274 4096 1387 4177 finem,

494 4197 536 4264 Et
560 4200 712 4266 scelera:
737 4219 778 4266 ac
802 4198 880 4267 ideo
904 4201 977 4283 frat,
1001 4221 1066 4269 non
1090 4204 1236 4290 amplius
1258 4206 1330 4271 alas

494 4305 693 4393 Horribiles
717 4307 843 4394 aquila,
866 4311 1052 4377 extendas:
1077 4314 1270 4398 pennacula
1293 4332 1440 4400 namque
1493 4365 1495 4372 ι
