3382 5362
731 419 931 485 -125—

308 564 407 629 Haud
431 583 497 644 me,
520 564 611 648 quod
635 582 689 629 res
713 564 791 646 fert,
815 582 964 647 unquam
988 565 1167 648 praestare
1190 560 1335 648 pigebit.

308 674 377 737 lsta
400 671 507 738 eheu!
534 674 655 757 pectus
679 674 812 737 tantum
836 671 936 738 modo
962 689 1047 737 cura
1071 671 1247 736 remordet

308 783 474 867 Tempore
499 780 621 846 vitales
644 798 746 847 auras
771 779 914 876 traxisse
939 780 1096 845 nefando.

308 887 443 954 Primus
466 907 532 972 ego
557 888 710 968 exuvias,
735 892 773 954 ut
796 888 840 954 sit
863 890 964 955 modo
988 887 1106 954 Patria
1131 905 1258 973 sospes,

306 996 453 1080 Regales
476 1013 613 1081 ponam,
636 999 765 1061 sertum
789 997 831 1061 de
856 994 1008 1062 crinibus
1033 995 1156 1080 ipsum,

308 1104 557 1188 Exsolvamque
582 1104 744 1171 humeros
766 1105 960 1171 maculosae
985 1101 1137 1187 tegmine
1163 1101 1273 1188 pellis,

306 1213 350 1277 Et
374 1211 541 1294 manibus,
559 1209 719 1295 regimen
743 1213 912 1278 Venettrm
937 1230 1026 1296 quae
1049 1213 1169 1296 postea
1192 1212 1339 1291 sument,

308 1322 383 1404 lpse
407 1337 473 1402 ego
496 1320 683 1402 longaevas
706 1320 841 1385 tradam
865 1321 1011 1405 pacatus
1033 1318 1194 1384 habenas.

306 1427 431 1511 Atque,
454 1426 577 1511 quibus
600 1427 715 1494 Marco
739 1427 874 1494 delubri
898 1431 950 1493 est
973 1445 1058 1493 cura
1081 1423 1200 1506 dicati,

308 1534 440 1602 AEdiles
463 1534 568 1601 etiam
592 1537 710 1600 nostra
732 1535 819 1603 haec
843 1536 1002 1621 exempla
1025 1537 1229 1620 sequantur:

308 1642 350 1708 Hi
374 1643 500 1709 durant
523 1642 652 1719 etenim
675 1662 738 1729 per
762 1643 855 1711 vitae
880 1648 1038 1729 tempora
1062 1644 1218 1710 honores.

308 1751 351 1815 Et
375 1751 480 1816 semel
504 1768 681 1834 egressum
705 1769 772 1818 non
796 1751 862 1818 ista
885 1750 1015 1837 palatia
1038 1752 1166 1816 memet

308 1856 463 1944 Amplius
487 1856 666 1943 aspicient,
690 1857 826 1944 placido
849 1878 1018 1945 peragam
1043 1856 1158 1924 omnia
1181 1858 1297 1923 corde.

309 1969 391 2032 Cras
413 1984 548 2051 quoque
572 1964 757 2032 Concilium
783 1970 944 2052 Magnum
968 1968 1151 2034 concurrat
1174 1964 1209 2029 in
1225 1965 1352 2047 aulam,

308 2072 477 2141 Mentibus
500 2072 655 2158 augustis
680 2075 791 2141 luctus
814 2076 984 2161 pendatur
1007 2075 1164 2154 acerbus,

310 2183 422 2267 Atque
446 2183 604 2268 probent,
627 2184 857 2267 reprobentve
882 2202 992 2249 meam
1017 2179 1183 2264 sutfragia
1205 2182 1368 2246 mentem.

310 2291 524 2374 Obstupuere
548 2291 668 2354 Patres
692 2287 816 2354 Manini
843 2289 982 2357 vocibus
1005 2287 1114 2372 aegri,

309 2397 422 2482 Atque
447 2393 526 2462 boni
550 2393 690 2461 tremitu
715 2393 892 2481 excipiunt
915 2397 1001 2462 haec
1026 2397 1131 2462 verba
1154 2392 1277 2460 silenti.

310 2506 426 2569 Nonne
451 2504 559 2582 vetat,
582 2499 729 2580 Manine,
752 2505 848 2568 tuum
872 2504 929 2569 lex
952 2522 1081 2590 ponere
1105 2504 1291 2587 sceptrum,

310 2612 421 2695 Atque
445 2607 546 2675 Ducis
569 2609 741 2693 quondam
765 2614 920 2696 sumptos
943 2610 1126 2677 demittere
1150 2608 1322 2676 honores?

309 2723 391 2785 lure
415 2716 555 2802 nequis:
581 2714 708 2783 etenim
732 2718 813 2783 data
837 2722 1053 2786 sacramenta
1075 2721 1283 2804 repugnant.

217 2818 219 2823 ⁴
311 2826 373 2894 Hei
397 2825 604 2910 mihiquae
629 2827 771 2891 Patrum
795 2829 946 2894 condunt
971 2825 1140 2894 velamina
1163 2825 1298 2891 sensus!

309 2936 426 3002 Nullus
449 2935 492 2999 ad
518 2931 710 3016 exanimem
737 2932 841 3000 vertit
864 2953 926 3000 sua
951 2938 1068 3015 verba,
1091 2937 1287 3017 Ducemque

313 3043 449 3109 Solatur
473 3039 584 3124 dictis,
607 3059 671 3106 nec
691 3039 766 3125 jam
791 3042 942 3108 labentia
966 3047 1110 3128 pectora
1133 3039 1241 3107 t'ulcit.

309 3153 337 3218 O
360 3150 388 3217 si
412 3152 606 3217 servassent
629 3147 781 3215 animum
805 3149 1013 3235 praecordia
1036 3150 1175 3229 fortem,

309 3260 352 3324 Et
378 3256 527 3325 retinere
551 3259 661 3337 tuum,
684 3274 752 3341 quo
776 3255 888 3340 cingis
911 3260 1081 3343 tempora,
1104 3259 1234 3323 sertum

310 3365 449 3432 Adriaoi
473 3364 680 3450 aspicerent,
704 3364 855 3431 delusam
880 3366 1014 3453 perfida
1038 3369 1187 3432 mentem

309 3474 420 3539 Turba
444 3472 619 3540 hominum
643 3473 758 3540 forsan
783 3472 915 3557 lugenti
940 3475 1044 3540 corde
1068 3472 1221 3539 doleret!

309 3580 374 3646 Sed
399 3598 516 3646 rursus
540 3579 605 3646 fari
629 3579 772 3646 Pisanus
795 3581 879 3647 talia
902 3579 1029 3666 coepit,

310 3688 416 3762 Quem
441 3705 505 3753 nec
528 3705 625 3753 amor
650 3687 745 3772 cogit
768 3688 915 3774 patriae,
938 3707 1002 3755 nec
1026 3686 1179 3754 concutit
1199 3688 1343 3753 horror:

309 3792 373 3860 Hic
396 3792 555 3878 equidem
579 3793 743 3877 admiror,
766 3797 857 3863 nullo
881 3796 1092 3882 impellente,
1115 3798 1288 3881 paratum,

310 3899 421 3967 Vnica
443 3920 545 3985 quem
570 3900 681 3988 pietas
705 3901 824 3984 traxit,
848 3904 1020 3988 deponere
1045 3904 1220 3988 sceptrum

308 4006 479 4074 Exhibeat
504 4010 612 4074 temet
634 4028 758 4092 regum
779 4007 855 4094 jam
879 4015 1022 4096 pectora
1046 4010 1196 4089 vincens,

309 4114 371 4191 Qui
396 4134 499 4201 saepe
524 4114 659 4183 ardenti
683 4117 784 4201 regni
807 4117 993 4185 ambitione
1017 4119 1211 4184 trabuntur.

308 4223 404 4288 Mens
427 4220 579 4288 animum
603 4221 728 4290 mirata
754 4227 862 4306 tuum,
884 4243 970 4309 quas
993 4228 1113 4291 texere
1139 4224 1257 4290 laudes

310 4329 405 4396 Nunc
429 4327 571 4414 poterit,
595 4330 649 4396 vel
672 4348 761 4414 quae
787 4349 852 4397 vox
877 4335 966 4399 esset
990 4331 1147 4398 laudibus
1171 4331 1279 4418 aptat
