3382 5362
687 432 864 495 ..77-

252 575 320 641 Ore
343 594 405 643 suo
429 576 538 641 nullas
563 579 706 660 captans
726 582 765 649 ¹et
789 577 928 645 naribus
951 599 1064 648 auras.

251 684 421 750 Pallorem
446 687 571 750 natura
594 684 700 768 dedit,
726 684 888 753 simulare
912 694 1073 772 negatur,

250 793 363 878 Atque
389 792 455 860 levi
480 811 598 860 roseus
621 797 740 860 manat
763 796 806 861 de
832 797 971 862 vulnere
995 797 1156 881 sanguis:

251 902 311 967 llle
335 902 473 986 quidem
499 901 603 968 vitam
629 920 769 987 prorsus
791 902 918 970 fudisse
942 908 1094 990 putares

250 1009 400 1094 Longius
424 1009 474 1075 ire
498 1012 623 1094 parant
647 1029 746 1094 ergo,
770 1010 1031 1097 exanimemque
1056 1012 1262 1098 relinquunt.

250 1119 309 1185 llle
334 1119 451 1184 oculos
474 1121 609 1184 reserat
632 1117 798 1203 placidus
822 1119 1020 1205 nullumque
1045 1119 1177 1201 revisit,

248 1225 379 1292 Anxius
402 1225 436 1291 in
460 1245 588 1310 gyrum
613 1226 730 1308 vertit,
754 1246 818 1294 nec
842 1226 977 1294 viderat
1001 1229 1096 1295 ullos.

249 1332 381 1399 Gaudia
404 1349 532 1418 magna
554 1352 615 1400 suo
641 1333 801 1420 concepit
824 1337 966 1421 pectore
990 1336 1112 1415 laetus,

248 1443 291 1507 Et
314 1439 427 1508 subito
451 1443 633 1524 nodosae
657 1440 749 1509 linea
772 1441 909 1509 vincula
933 1441 1037 1528 rupit.

249 1547 379 1632 Surgit,
403 1551 438 1617 et
462 1549 625 1634 ambiguo
649 1568 771 1634 gressu
795 1569 858 1636 per
881 1550 1041 1634 gramina
1064 1551 1177 1638 campi

248 1655 366 1742 Carpit
389 1657 457 1724 iter
480 1657 631 1741 fugiens,
654 1660 764 1725 donec
787 1659 923 1745 trepido
947 1657 1033 1725 exiit
1056 1661 1147 1726 altus

247 1766 356 1832 Corde
380 1769 504 1848 metus,
527 1765 593 1833 suit
617 1770 652 1833 et
676 1766 806 1833 timidis
828 1786 924 1834 mens
947 1766 1056 1834 libera
1079 1767 1181 1850 curis.

246 1873 303 1954 At,
325 1873 354 1938 si
378 1876 492 1941 terror
516 1875 600 1957 abit,
623 1893 690 1942 non
714 1875 763 1942 illi
787 1895 930 1961 spumea
953 1872 1056 1942 cessit

246 1983 303 2046 Ira
325 1980 413 2062 sinu,
441 1984 476 2048 et
499 1985 633 2049 tantum
658 1982 839 2051 mitescere
863 1982 998 2050 nescius
1021 1984 1112 2049 ultor

249 2088 431 2156 Constituit
455 2089 577 2177 punire
601 2091 718 2159 nefas:
744 2110 808 2159 nec
832 2109 916 2158 cura
940 2094 1132 2157 morantem

248 2197 393 2279 lnvenit,
416 2199 451 2264 et
475 2197 606 2265 circum
630 2197 783 2283 quisquis
805 2198 869 2266 sibi
893 2199 1033 2284 pervius
1056 2197 1157 2279 adsit,

247 2303 348 2371 Accit
370 2305 414 2371 ad
438 2323 536 2373 arma
561 2305 694 2372 virum:
719 2308 886 2391 populata
908 2325 972 2393 per
995 2325 1080 2372 arva
1103 2307 1244 2374 colonos

246 2412 360 2494 Pellit,
383 2416 421 2479 ut
444 2412 479 2479 in
503 2414 616 2482 Gallos
639 2417 844 2499 convertant
866 2417 991 2496 rastra,
1015 2413 1182 2497 bidentes,

246 2523 397 2588 Vomere
422 2523 594 2606 neglecto,
618 2525 654 2590 et
676 2523 794 2604 falces,
817 2542 1009 2607 curvosque
1033 2521 1176 2605 ligones.

246 2631 395 2712 Ergone,
419 2628 567 2711 dicebat,
591 2630 708 2697 dulces
732 2649 792 2696 vos
815 2629 969 2714 linquere
993 2648 1144 2714 campos,

227 2738 316 2806 .Vos
339 2736 474 2823 patriae
499 2737 595 2819 fines,
618 2739 823 2821 tenerosque
848 2738 1020 2804 abducere
1044 2741 1144 2803 natos
1214 2788 1216 2793 .

244 2847 309 2910 Fas
333 2843 411 2926 erit,
435 2848 471 2912 et
494 2846 596 2929 longe
621 2844 746 2912 erratis
769 2864 829 2912 vos
855 2845 974 2912 tinibus
996 2845 1073 2912 iret

244 2955 414 3019 Barbarus
439 2953 503 3019 hac
529 2955 677 3037 segetes,
701 2956 737 3019 et
760 2971 899 3038 campos
922 2953 1020 3020 miles
1043 2952 1208 3020 habebit?

244 3062 338 3127 Haec
361 3059 422 3142 ait,
445 3062 549 3145 atque
574 3060 679 3126 dabat
704 3059 829 3127 vindex
853 3061 1017 3128 violentia
1040 3060 1141 3126 vires

242 3172 318 3236 lam
343 3167 443 3235 facile
468 3167 582 3253 potuit
605 3167 719 3234 verbis
743 3171 933 3237 accendere
958 3171 1076 3236 turbas

243 3281 280 3344 ln
304 3296 366 3343 sua
389 3276 515 3343 damna
539 3277 655 3343 oculos
679 3277 833 3346 madidos
856 3278 1051 3346 miseranda
1077 3277 1238 3344 ferentes.

242 3387 385 3452 Sumunt
409 3402 508 3450 arma
533 3383 608 3465 viri,
632 3387 668 3451 et
692 3404 877 3470 numquam
901 3387 1075 3471 deponere
1096 3384 1230 3470 jurant,

241 3491 283 3557 Ni
307 3496 429 3579 pereat
451 3491 534 3558 totis
557 3491 725 3560 infractus
749 3492 878 3561 viribus
901 3494 1016 3560 hostis.

242 3598 373 3666 Gallica
395 3617 500 3665 saeva
523 3600 645 3668 cohors
668 3600 704 3666 in
727 3601 850 3668 funera
873 3600 975 3685 nigra
999 3601 1134 3684 ruisset,

241 3708 354 3791 Atque
379 3708 588 3774 locustarum
613 3707 726 3774 rabies
750 3710 785 3775 et
807 3708 940 3794 spicula
963 3710 1076 3776 fracta

241 3815 344 3881 Forte
368 3814 483 3880 forent
505 3833 658 3899 prorsus,
682 3813 770 3881 Latii
794 3820 854 3882 aut
878 3817 920 3882 de
944 3817 1012 3882 fine
1036 3818 1187 3902 repulsa,

239 3913 292 3985 Ni
304 3921 486 4006 pulchrum
510 3921 643 3995 facinus
667 3923 829 3989 vecordia
849 3922 948 4007 jussa
971 3925 1145 3990 vetabant.

196 4031 342 4113 Tempus
366 4030 453 4108 erat,
477 4028 602 4096 Veneti
626 4048 694 4113 quo
720 4030 942 4097 bacchanalia
965 4032 1116 4114 agebant

240 4135 382 4203 Patricii
406 4136 548 4202 circum.
573 4137 645 4220 nst,
668 4137 749 4202 dum
773 4141 870 4204 tanta
895 4139 1025 4225 pericla
1048 4142 1206 4206 tenerent

240 4244 363 4323 Vrbes,
387 4261 504 4309 mensa
528 4241 612 4309 cibis
636 4244 790 4309 fumabat
814 4245 950 4328 singula
974 4246 1076 4312 lautis
1089 4267 1097 4331 3

240 4348 382 4431 Vltima,
405 4350 510 4416 habet
533 4347 656 4416 crassis
678 4369 767 4434 quae
791 4351 1007 4418 hebdomada
1023 4371 1145 4420 nomen
1167 4354 1324 4435 abestis,
