3382 5362
931 402 1130 469 -112-

509 539 614 624 Signa
637 541 757 609 salutis
780 542 892 610 adhuc
916 563 1070 629 possem:
1098 549 1315 632 mentemque
1339 541 1560 626 animumque

507 651 682 717 Gallorum
706 650 845 736 sanguis
868 651 1009 719 nimium
1035 653 1225 738 laugerius
1248 658 1363 736 urget.

506 758 621 825 Nonne
646 761 765 827 modos
789 761 924 847 experti
948 780 1166 848 omnesque
1192 763 1339 830 barbara
1367 776 1505 843 semper

503 869 650 935 Pectora
674 871 880 956 placentur?
902 890 1051 957 quanam
1076 871 1226 939 utilitate
1247 867 1445 956 juvabantl

503 973 536 1041 si
560 976 682 1044 duram
706 978 811 1046 sensit
834 982 1009 1047 transacto
1033 985 1189 1066 tempore
1214 980 1365 1045 mentem

502 1083 603 1165 Cura,
626 1085 791 1171 laborque
817 1089 1048 1167 meus,1nodo
1074 1106 1154 1153 num
1179 1085 1319 1153 cessisse
1344 1079 1503 1168 putatis?

501 1190 683 1275 Quousque
708 1193 821 1258 trahet
848 1195 997 1259 vestrum
1022 1212 1190 1280 praeceps
1212 1189 1387 1260 dementia
1408 1188 1557 1274 pectus?

503 1298 598 1364 Anne
623 1299 776 1383 putanda
799 1299 901 1382 salue,
925 1298 1049 1383 quibus
1072 1314 1124 1367 est
1147 1299 1221 1365 sitis
1241 1303 1319 1365 atra
1342 1294 1501 1364 cruoris?

504 1406 597 1487 Ergo
621 1404 686 1471 hoo
710 1403 893 1491 imperium
917 1410 1091 1473 servatum
1115 1406 1280 1491 sanguine
1306 1406 1415 1482 tantu,

501 1512 597 1587 Quod
621 1510 735 1597 potuit
759 1513 870 1579 nullus
894 1514 982 1581 bello
1007 1514 1147 1582 foedare
1172 1518 1349 1600 protervo,

500 1620 598 1694 Quod
622 1618 718 1687 nobis
738 1619 812 1705 jam
837 1619 929 1688 mille
954 1623 1078 1689 ducum
1103 1640 1273 1708 peperere
1298 1621 1444 1699 labores,

500 1728 593 1811 Ergo
614 1725 705 1812 jugo
729 1727 884 1796 dominos
907 1729 1001 1796 fures
1024 1729 1175 1816 patietur
1199 1728 1342 1814 iniquo?

502 1833 667 1903 Venturis
691 1837 861 1902 maculam
886 1836 1051 1905 famosam
1076 1837 1249 1922 extergite
1274 1831 1415 1902 saeclis:

500 1943 567 2010 Nos
589 1960 679 2010 nova
704 1943 888 2029 posteritas
912 1946 1048 2012 tardum
1073 1946 1218 2013 miretur
1242 1944 1275 2010 in
1299 1959 1436 2020 aevum,

499 2052 547 2117 Vt
571 2051 750 2119 laudemus
773 2072 866 2135 avos,
890 2055 1030 2120 laudent
1053 2053 1103 2121 sic
1127 2058 1244 2122 nostra
1266 2054 1418 2137 nepotes.

500 2160 645 2244 Jamque
669 2178 765 2226 suam
788 2160 907 2247 populi
931 2180 991 2229 ore
1016 2181 1133 2230 omnes
1156 2160 1308 2227 inhiante
1331 2159 1478 2225 salutem

501 2265 567 2332 Nos
590 2269 756 2352 poscunt:
782 2272 817 2334 et
840 2268 952 2335 adbuc
976 2288 1099 2354 segnes
1122 2269 1313 2337 concedere
1336 2283 1460 2350 pacem

499 2371 616 2440 ltaliae
641 2373 777 2460 populis
800 2375 927 2461 pressis
950 2376 1123 2460 gravitate
1148 2378 1319 2443 latronum

498 2479 595 2548 Anne
620 2480 759 2563 erimus,
783 2484 980 2569 laesumque
1004 2486 1110 2552 decus
1134 2485 1307 2571 patiemur
1330 2466 1502 2546 inultum?

496 2586 572 2672 Eja,
596 2589 710 2655 hastas
733 2595 861 2674 augete
886 2609 1002 2674 novas,
1026 2612 1068 2660 ne
1092 2591 1267 2661 abscedite
1292 2591 1336 2656 ab
1360 2587 1476 2653 armis

495 2694 647 2777 Dixerat,
671 2699 706 2762 et
730 2696 842 2781 surgit
866 2699 969 2766 docta
992 2698 1167 2783 gravitate
1192 2699 1341 2767 disertus

494 2802 704 2870 Justinianus
727 2823 846 2871 amans
869 2806 1039 2891 patriam:
1065 2812 1275 2875 convenerat
1298 2803 1380 2869 illuc

495 2912 561 2976 Pro
587 2910 699 2996 patria
722 2930 832 2998 nuper
855 2932 934 2980 cum
958 2915 1154 3000 Napoleone
1179 2917 1324 2994 locutus,

493 3016 630 3084 Talibus
654 3023 734 3086 ante
759 3019 835 3085 illos
858 3020 971 3087 verbis
994 3021 1149 3088 dissolvit
1173 3027 1207 3089 et
1232 3040 1313 3088 ora:

493 3126 722 3210 Oquanturn,
746 3128 878 3208 Patres,
902 3146 1041 3213 operam
1067 3149 1128 3196 nos
1151 3129 1326 3216 perdimus
1351 3123 1506 3192 omnem!

492 3231 644 3300 Plurima
668 3233 759 3299 latus
782 3252 899 3302 eram:
925 3236 1039 3302 verbis
1062 3256 1128 3303 non
1152 3237 1304 3304 flectitur
1327 3232 1424 3300 ullis:

492 3342 607 3408 Effera
630 3342 689 3408 sod
715 3340 846 3408 tumido
871 3343 1074 3411 horrescunt
1098 3344 1304 3430 praecordia
1328 3345 1436 3421 motu,

492 3449 539 3515 Vt
561 3466 704 3534 serpens
726 3450 860 3516 calcata
882 3452 992 3536 pede:
1018 3457 1054 3517 ot
1077 3471 1138 3519 nos
1162 3451 1308 3539 despicit
1332 3454 1445 3528 atrox,

490 3555 810 3641 Francigenquue
835 3556 923 3643 petit
947 3576 1115 3626 conversa
1138 3562 1245 3627 caede
1269 3576 1444 3636 cruorem,

491 3661 719 3747 Laugariique
743 3662 816 3729 sui:
843 3669 979 3732 sumant
1003 3667 1044 3732 do
1069 3666 1211 3735 crimine
1236 3686 1375 3755 poenas

490 3769 590 3837 Vltor
614 3789 693 3855 ege,
717 3770 816 3854 dixit,
841 3792 894 3839 me
915 3773 990 3859 Jam
1016 3774 1098 3842 nibil
1123 3795 1276 3861 aequora
1300 3778 1446 3856 terrent,

490 3877 574 3944 Sunt
597 3877 708 3962 magis
731 3883 815 3964 apta
838 3901 948 3965 mene,
971 3901 1060 3967 quae
1087 3887 1197 3950 tentat
1222 3885 1385 3963 maxima,
1410 3883 1526 3950 menti.

488 3984 582 4059 Quae
607 4002 673 4052 non
698 3988 779 4052 tunc
803 3988 940 4054 fervens
963 3990 1116 4059 animoso
1139 3997 1281 4078 pectore
1306 3993 1397 4060 dixi!

490 4090 624 4165 Quanta
648 4092 772 4159 timere
796 4093 888 4161 fuit?
908 4094 982 4180 jam
1008 4096 1131 4165 isthinc
1154 4103 1189 4167 et
1213 4101 1349 4188 corripe
1373 4124 1542 4190 gressum,

495 4194 645 4280 Dixerat,
669 4196 749 4264 hinc
773 4204 808 4267 ot
831 4199 898 4283 abi,
922 4222 963 4268 ne
987 4208 1022 4270 to
1046 4206 1136 4272 inula
1155 4205 1252 4291 jussa
1274 4217 1471 4295 sequantur.

498 4303 558 4370 Ast
582 4323 667 4388 ogo:
693 4325 758 4373 non
786 4308 918 4390 abeam,
941 4308 1075 4397 patrino
1098 4317 1296 4400 persolvere
1320 4319 1370 4386 los
1390 4328 1441 4389 ost
