3382 5362
742 398 920 465 -26-

311 547 447 613 Pondus
471 552 506 613 ot
531 545 697 613 exitium:
724 564 799 610 nam
826 542 942 629 pronis
964 542 1126 613 cordibus
1149 548 1265 613 atrum

311 655 524 720 Persuadent
550 653 682 729 vitium,
706 660 808 737 atquo
835 651 946 731 bomo,
969 651 1125 735 ‹prainvis
1148 652 1271 721 anxius
1287 660 1403 742 optet,

311 761 396 836 (tuin
421 762 519 841 sciat,
543 761 725 827 immodico
751 778 965 825 nummorum
991 758 1103 826 illudit
1126 760 1245 828 amori.

311 870 394 934 Nam
420 888 487 953 quo
513 870 590 955 plus
613 872 675 939 ost,
700 870 775 953 plus
799 864 891 931 vitiis
914 867 1134 951 profunditur
1157 886 1291 934 aurum.

310 975 397 1052 Quid
418 974 521 1060 jurat
544 979 580 1041 ot
604 974 772 1055 reuinmn,
796 973 823 1037 si
850 994 909 1037 ros
933 974 1077 1061 torpetis
1101 975 1253 1042 inertes?

310 1084 396 1159 lund
417 1082 520 1167 jurat
544 1087 579 1148 et
599 1081 721 1165 juder,
745 1080 770 1145 si
797 1080 950 1166 impunia
974 1080 1119 1148 crimina
1142 1083 1268 1149 fastum

310 1190 500 1255 Ambitiosa
525 1191 651 1269 terunt,
674 1190 796 1274 culpae
821 1206 944 1253 secura
966 1207 1030 1255 nec
1054 1190 1159 1255 ullum

311 1298 467 1365 Vltorem
493 1300 650 1362 metuunt
675 1302 873 1381 praetorum
898 1295 1036 1362 numine
1060 1296 1173 1362 fulta?

312 1403 398 1471 Hinc
424 1423 511 1471 vano
537 1402 749 1488 trepidantes
772 1404 816 1469 ad
840 1402 926 1468 solia
949 1404 1020 1469 alta
1042 1422 1181 1470 susurro

312 1514 354 1577 nt
377 1512 539 1596 <pleiadas
564 1530 676 1591 voces,
701 1512 824 1590 luctus
847 1508 1005 1595 suspiria,
1029 1516 1110 1578 vota

311 1619 529 1703 Ingeminant
553 1617 668 1684 miseri
692 1636 878 1704 pravorum
902 1618 1025 1683 fraude
1049 1618 1194 1686 subacti.

314 1724 482 1792 Vtilitatis
506 1727 633 1792 babent
656 1723 810 1792 homines
833 1723 1067 1792 moderamine
1092 1727 1222 1810 legum,

313 1833 521 1919 lmperiinue
546 1831 705 1917 quidem:
730 1833 789 1897 sod
814 1832 927 1898 adhuc
950 1832 1154 1918 subjudice
1179 1833 1220 1900 lis
1243 1837 1307 1916 est,

311 1939 364 2005 An
388 1942 478 2026 quod
503 1941 546 2006 ab
570 1939 716 2026 imperio
741 1939 904 2005 mortales
927 1939 1011 2006 utile
1035 1945 1188 2027 captant,

312 2046 544 2134 AEquiparare
568 2051 673 2132 queat
696 2047 870 2127 danmum,
894 2048 985 2131 quod
1010 2048 1120 2114 t'ertur
1143 2048 1178 2115 in
1202 2047 1289 2130 illos

312 2158 395 2222 Cum
419 2173 594 2241 proceres
616 2173 762 2239 quorum
787 2172 892 2220 curae
916 2156 969 2220 est
991 2173 1153 2241 suprema
1176 2160 1340 2242 potestas

312 2261 463 2330 Ambitio
488 2261 639 2347 rapiunt,
663 2260 796 2341 vitium,
819 2262 922 2344 atque
948 2259 1082 2330 incuria
1105 2283 1232 2331 rerum.

312 2374 386 2436 Itur
402 2369 436 2434 in
454 2388 554 2436 omne
571 2370 684 2436 net'as:
704 2387 887 2454 procerum
904 2371 1008 2452 atque
1025 2374 1184 2458 exempla
1203 2374 1398 2457 sequuntur

311 2476 451 2544 Anticus
474 2476 609 2557 infidus
633 2476 740 2556 dives,
763 2476 944 2560 plebecula
968 2476 1053 2543 vilis,

313 2588 487 2661 Quaenam
511 2583 696 2670 progenies
719 2581 815 2650 nobis
838 2585 1021 2669 speranda,
1044 2591 1227 2672 parentum

311 2695 411 2758 AEtas
433 2691 535 2777 pejor
559 2690 631 2756 avis
655 2690 682 2756 si
706 2709 768 2756 nos
791 2690 955 2775 produxit
980 2692 1138 2778 iniquos?

311 2801 405 2864 Haeo
429 2803 517 2879 erat,
541 2817 560 2865 o
585 2797 736 2878 dureris,
762 2800 895 2864 Veneta
919 2798 1151 2884 lacrymabilis
1176 2801 1278 2868 Vrbis

312 2905 479 2986 Caralitin,
503 2904 691 2988 ltaliaeque
715 2904 826 2969 sinml.
851 2905 931 2979 (luis
955 2906 1038 2973 talia
1061 2910 1165 2975 lando

313 3017 498 3100 Temperat
520 3033 542 3080 a
564 3014 673 3080 lietu?
697 3032 763 3080 non
787 3012 852 3095 ira,
877 3031 940 3079 nec
964 3034 1063 3083 arma
1085 3019 1183 3083 luere

311 3123 497 3203 Gallorum,
520 3123 670 3208 patriam
695 3141 783 3207 quae
808 3124 1010 3192 subvertere
1035 3108 1217 3194 vetustam.

311 3232 425 3298 Donec
449 3229 517 3297 erit
541 3229 661 3312 virtus,
685 3231 753 3297 erit
777 3234 813 3295 et
836 3248 909 3296 sors
931 3250 1100 3319 prospera
1124 3233 1264 3319 Regnis,

311 3339 376 3405 Sed
401 3337 545 3405 totidem
570 3357 714 3423 poenae,
738 3339 828 3424 quod
854 3344 955 3405 erunt
978 3344 1070 3408 mala
1085 3341 1231 3410 crimina
1246 3344 1395 3427 Regum.

310 3446 381 3513 Nec
406 3465 476 3528 vos
500 3466 519 3513 0
544 3450 670 3530 Reges,
694 3445 842 3513 castellis
865 3447 962 3516 lidite
987 3451 1126 3518 ahenis:

309 3552 362 3619 Nil
387 3554 505 3634 refert,
530 3553 663 3621 miseris
686 3560 770 3640 quot
794 3554 980 3639 vectigalia
1003 3559 1133 3644 possint

309 3660 445 3729 Civibus
470 3662 622 3746 emungi,
646 3667 845 3748 terramque
869 3682 1015 3733 onerare
1039 3672 1246 3735 trerrrentem

309 3769 484 3850 ltlilitibus,
509 3770 718 3855 ducibuspue
744 3773 928 3838 lledusaea
951 3774 1076 3858 aegide
1101 3776 1229 3842 lirinis:

308 3876 436 3942 Ludius
460 3886 512 3943 est
538 3879 644 3958 miles,
668 3879 827 3964 ceditque
852 3880 978 3946 dueum
1002 3867 1135 3967 inclyta
1160 3883 1268 3949 virtus

309 3987 434 4052 Contra
457 3988 607 4069 rllquum
633 3988 769 4053 occulta
794 3987 921 4054 virtute
946 3989 1121 4073 potentius
1145 3990 1259 4056 armis,

309 4090 531 4176 Cornipotens
555 4096 667 4177 aliquo
692 4095 807 4160 latet:
834 4108 869 4160 et
893 4097 994 4163 modo
1019 4098 1151 4164 Numen
1174 4101 1217 4165 ab
1241 4100 1311 4166 alto

306 4199 467 4266 Decernit
490 4203 601 4268 luder
626 4221 766 4287 poenas,
790 4204 890 4271 modo
914 4205 1072 4290 praemia
1091 4205 1218 4290 justus.

307 4306 424 4375 Attica
447 4326 537 4376 nuno
561 4313 671 4377 stares
694 4311 810 4378 forsan
833 4311 1060 4380 celeberrima
1084 4318 1192 4399 terra,
