3382 5362
659 392 861 457 -149-

238 542 374 625 Terque
398 542 589 624 quaterque
614 540 715 606 vocat
738 535 855 604 dilecti
879 534 1017 604 nemina
1040 534 1122 603 nati.

235 646 395 733 Vndique
420 648 534 714 terror
557 646 667 727 adest,
689 648 794 729 atque
818 643 967 729 undique
991 642 1120 730 stragis
1141 641 1272 727 image,

237 753 396 840 Vndique
420 754 627 820 conturbant
651 755 799 817 mentem
823 749 1009 818 simulacra
1032 748 1172 833 doloris,

234 866 327 930 Aera
349 860 548 948 percutiunt
571 858 733 945 gemitus,
756 856 914 944 suspiria,
937 859 1106 944 planctus.

234 976 373 1057 Ergone
397 974 560 1039 centenos
583 976 764 1054 postquam
787 966 909 1051 gavisa
931 985 995 1052 per
1019 986 1125 1034 annes

234 1078 342 1146 Adria
364 1076 533 1145 laetitiam
557 1074 663 1162 pacis
686 1075 852 1159 sedesque
876 1074 1022 1159 quietas,

234 1188 312 1255 Sola
335 1184 409 1253 dies
431 1182 557 1270 rapiet,
580 1180 735 1249 turbabit
759 1183 794 1247 et
817 1179 890 1247 otia
913 1182 1034 1249 tanta?

234 1298 307 1363 Heu
332 1292 380 1360 sic
405 1292 478 1359 sata
501 1291 629 1369 serunt,
653 1287 775 1355 statuit
798 1287 848 1354 sic
871 1289 1004 1357 Numen
1028 1290 1071 1355 ab
1095 1289 1179 1370 alto,
1283 1289 1287 1297 '

234 1406 283 1470 Vt
306 1403 397 1469 ferat
421 1398 487 1466 ista
509 1397 582 1465 dios
606 1395 749 1463 exordia
772 1399 864 1462 tetra
888 1396 1065 1464 dolorum!

234 1510 321 1579 Hinc
344 1508 433 1576 heu!
459 1507 620 1593 splendor
643 1503 727 1585 abit,
749 1504 877 1570 charae
901 1504 1055 1573 discessit
1079 1508 1114 1571 et
1137 1504 1247 1569 almus

233 1617 333 1685 Pacis
356 1633 464 1695 amer,
487 1612 603 1698 coepit
626 1610 731 1678 serios
754 1613 924 1697 perlonga
947 1614 1127 1680 malorum.
1265 1612 1268 1617 ’

234 1728 373 1794 Interea
396 1722 628 1791 bacchabatur
651 1737 754 1803 mage
779 1717 877 1786 triste
902 1721 1068 1787 tumultus

233 1835 389 1914 Fulmen,
412 1834 448 1899 et
470 1827 595 1896 armati
619 1838 828 1914 componunt
852 1828 991 1913 agmina
1015 1829 1120 1895 sures.

234 1939 415 2020 Quaelibet
438 1942 473 2005 et
496 1935 653 2003 manibus
676 1932 770 2002 cedit
792 1936 945 2021 pretiosa
967 1938 1123 2023 supellex

234 2046 380 2128 Infestis,
403 2046 540 2114 tabulae
565 2042 649 2111 artis
673 2062 758 2129 opus
781 2043 938 2111 mirabile
962 2043 1077 2132 pictae

234 2158 444 2228 Ornamenta
467 2154 587 2220 demus
611 2149 733 2218 stolide
758 2149 899 2218 discissa
921 2152 1091 2219 seruntur.

234 2269 319 2334 Pars
342 2268 460 2350 raptos
484 2258 647 2327 transfert
670 2256 805 2342 ingenti
830 2261 984 2345 pendere
1008 2279 1175 2342 nummos,

236 2376 371 2459 Perque
396 2369 486 2436 viam
510 2364 620 2433 l'acilis
644 2364 748 2431 11111116
773 2368 828 2431 ltu·
852 2369 1004 2452 pondere
1028 2370 1152 2454 lapsos,

234 2482 367 2565 Largus
391 2482 426 2544 et
450 2476 507 2542 1116
530 2473 611 2540 sinit
633 2472 763 2559 pueris,
786 2475 945 2561 plebique
969 2478 1154 2562 legendos:

234 2586 437 2674 Magnificas
461 2586 573 2651 vestes
597 2581 748 2667 capturis
771 2583 899 2650 scrinia
921 2589 1099 2671 praebent.

236 2699 380 2782 Jamque
402 2691 523 2776 jacent
547 2688 667 2775 quovis
691 2690 843 2774 neglecti
867 2690 901 2756 111
926 2693 1066 2761 tramite
1091 2692 1180 2776 libri,

237 2806 280 2871 Et
305 2819 441 2889 quoque
465 2818 563 2865 merx
587 2797 684 2864 dives
707 2806 822 2865 terrac
847 2800 988 2887 delapsa
1007 2801 1171 2887 jacebat:

235 2909 384 2996 Quisque
407 2910 522 2994 potest
545 2904 683 2990 impune
707 2905 770 2973 sibi
795 2909 1006 2976 consciscere
1031 2912 1183 2977 lurtum:

232 3016 299 3096 Qui
322 3015 417 3104 prior
440 3013 583 3095 invenit,
606 3011 702 3098 prior
725 3032 825 3082 omue
848 3016 913 3084 sibi
937 3023 1086 3106 occupat
1108 3017 1187 3107 ipsi,

232 3125 328 3203 Quod
352 3122 464 3191 subite
488 3122 634 3209 populus
658 3121 875 3190 dominorum
899 3127 978 3211 lege
1003 3147 1172 3196 novorum

232 3235 270 3300 111
294 3233 468 3301 cumulum
493 3230 607 3315 rigida
631 3235 778 3314 cogetur
802 3233 950 3301 reddere
974 3241 1124 3324 raptum.

231 3344 407 3423 Quomodo
432 3341 605 3429 direptum
628 3342 743 3409 studia
766 3342 800 3409 in
825 3346 1001 3414 centraria
1026 3349 1170 3433 vulgus!

231 3450 295 3521 Hic
319 3451 440 3520 modes
462 3451 554 3517 baud
578 3454 719 3538 poterat
742 3453 878 3537 patriae
902 3457 1060 3541 perferre
1084 3460 1242 3541 salutem,

231 3556 275 3627 Et
297 3558 381 3626 nihil
406 3556 527 3626 auxilii
549 3568 688 3645 poterat
720 3562 886 3644 ‘perarier
913 3583 1071 3650 unquam.

232 3666 340 3735 Tanto
364 3664 519 3734 concussi
543 3665 683 3732 1161111111
708 3686 789 3733 mex
812 3673 954 3757 Duxque
980 3677 1168 3762 Patresque

232 3777 327 3843 Clam
351 3778 477 3843 coeunt
500 3775 602 3862 primi
628 3788 709 3843 nota
732 3776 766 3842 111
790 3783 983 3865 penetralia
1007 3786 1102 3867 uulli,

231 3882 276 3951 ut
301 3886 407 3951 semel
431 3884 592 3952 eruissem
616 3887 707 3952 nullo
733 3894 813 3953 tuuc
833 3888 915 3973 jure
940 3900 1117 3962 resumunt

232 3990 431 4078 Imperium,
456 3998 493 4059 et
516 3993 681 4077 gravibus
703 3995 834 4080 possint
858 3997 1023 4069 obsistere
1048 4000 1191 4069 (lamnis

233 4100 298 4165 Fas
321 4100 448 4167 etenim
473 4114 524 4167 cst
547 4100 652 4168 armis
677 4107 808 4169 tautum
836 4108 957 4175 sedare
984 4114 1178 4195 tumultum,

231 4203 295 4281 Qui
319 4207 458 4272 tandem
481 4212 598 4293 posset
620 4212 785 4294 populum
810 4221 1017 4283 convortere
1042 4223 1182 4285 cautum

234 4314 334 4381 Certo
358 4314 528 4383 Nobilium
552 4316 586 4382 in
611 4317 699 4386 vitas
722 4322 758 4384 et
781 4326 875 4388 tecta
899 4324 1082 4395 lucentem.
