3382 5362
734 404 935 470 *118-

311 547 385 615 Fila
409 552 498 616 Deae
523 551 675 616 nostram
701 566 840 634 prorsus
863 549 1018 616 statuere
1042 549 1189 633 ruinam,

311 657 428 724 Eheu!
454 655 536 742 quid
560 657 701 743 prodest
724 653 815 722 vires
839 674 1014 741 opponere
1038 657 1143 725 satist

311 763 434 832 Omnia
458 765 549 830 fluxa
573 762 685 845 nimis,
708 782 772 830 nec
795 763 964 830 duratura
987 783 1049 851 per
1073 785 1207 833 aevum.

312 870 429 939 cedite
454 869 698 956 Francigenis:
724 868 843 937 videor
867 868 916 937 sic
941 872 1079 939 volvere
1103 875 1230 941 Parcas

313 977 497 1046 Terribiles
522 975 624 1059 visus,
648 981 752 1062 atque
776 980 928 1044 armatas
951 979 1071 1047 l‘orlice
1095 982 1257 1048 dextras:

311 1085 536 1172 lllyricusque
560 1088 657 1171 petat
681 1084 853 1168 regiones,
875 1103 961 1169 quas
983 1086 1077 1169 colit,
1100 1092 1204 1174 atque

311 1199 354 1263 Et
377 1197 555 1263 removete
580 1198 683 1273 rates,
707 1197 810 1277 atque
835 1191 1076 1278 ingrediantur
1099 1197 1211 1266 amico

310 1303 463 1372 Foedere
488 1299 745 1385 Francigenae:
770 1298 820 1365 sic
843 1299 956 1383 gloria
979 1321 1106 1387 magna.
1131 1305 1283 1373 manebit

310 1411 364 1479 Sic
390 1429 450 1478 vos
473 1408 700 1494 sanguineum
724 1407 891 1475 amovisse
916 1428 937 1475 a
961 1409 1093 1479 civibus
1116 1432 1242 1483 ensem.

310 1522 416 1588 Fatus
440 1523 526 1586 erat.
551 1515 802 1598 condulmerm,
825 1517 1054 1586 statuentibus
1077 1520 1143 1589 illis

308 1631 391 1696 June
416 1625 480 1694 sibi
504 1627 608 1708 nullo,
632 1643 796 1711 responsa
819 1625 906 1691 haec
930 1625 1075 1694 nuncius
1098 1632 1211 1713 affert,

309 1737 405 1814 Quae
429 1739 545 1802 tamen
562 1733 745 1802 ostendunt
762 1750 828 1799 non
845 1732 926 1799 dum
943 1733 1017 1801 fore
1035 1736 1148 1804 lumen
1173 1738 1389 1826 ademptum:

311 1841 524 1932 impediatur
548 1860 656 1928 opus:
681 1843 815 1907 tentent
839 1857 882 1908 ne
905 1843 1074 1912 accedere
1098 1844 1197 1914 Galli.

309 1951 376 2021 Sed
399 1952 492 2018 mala
513 1954 642 2036 quanta
665 1948 793 2015 fluunt!
821 1953 923 2034 rupto
947 1951 1029 2018 tunc
1053 1951 1175 2037 argine
1199 1959 1354 2039 currunt,

310 2063 392 2128 Cum
416 2057 565 2146 primum
589 2055 755 2143 incipiant
778 2055 913 2124 dulcem
938 2060 1079 2127 turbare
1103 2061 1265 2148 quietem.

310 2170 399 2236 Ecce
423 2166 492 2234 alia
515 2166 558 2233 de
582 2169 682 2253 parte
706 2163 877 2248 Georgius
900 2185 1006 2252 ocyor
1030 2188 1116 2236 aura

309 2276 423 2361 (Certe
447 2294 467 2342 o
491 2291 616 2340 numen
641 2273 737 2338 abest
751 2271 773 2357 l)
798 2275 931 2340 mentes
955 2295 1098 2342 versura
1121 2278 1275 2346 labantes

309 2384 403 2450 Haec
426 2399 590 2468 responsa
614 2382 763 2447 dabant:
787 2380 925 2468 scriptis
949 2385 1173 2452 mandaverat
1197 2386 1270 2452 istis

310 2493 404 2557 Haec
429 2488 629 2556 Viletardus
652 2492 752 2555 atrox
778 2487 893 2556 inflato
919 2491 1069 2575 pectoris
1092 2497 1211 2560 aestu:

312 2598 412 2663 Nulla
424 2613 533 2677 mora,
546 2599 648 2680 atque
661 2614 783 2682 preces
797 2617 804 2660 :
817 2596 976 2681 precibus
989 2617 1067 2664 nam
1080 2599 1253 2667 clauditur
1266 2600 1375 2670 auris:

312 2709 379 2773 Per
403 2725 457 2775 me
482 2708 554 2772 vult
579 2709 754 2792 Bonapars
777 2708 946 2772 Venetdm
971 2708 1160 2776 decernere
1184 2715 1313 2797 partes

309 2815 422 2899 Atque
445 2831 508 2879 sua
531 2831 571 2880 en
597 2812 716 2898 paucis
740 2831 857 2895 mens3
882 2812 1040 2882 libertate
1065 2817 1225 2884 truantur

310 2926 455 2992 Garoere
480 2921 631 3003 deducti,
656 2927 691 2989 et
714 2940 876 2990 concessa
899 2924 1048 3010 pecunia
1071 2926 1195 3011 placet.

308 3031 507 3099 Pandantur
531 3032 658 3119 populo
681 3030 823 3117 quaevis
847 3031 916 3114 cito
940 3031 1076 3101 vincula
1100 3053 1228 3104 coram.

308 3141 399 3219 Quos
422 3137 562 3224 stringit
586 3157 708 3206 carcer
731 3138 884 3224 graviori
909 3139 1053 3211 crimine
1077 3147 1203 3227 sontes,

309 3245 523 3333 Anquiratur
546 3264 634 3333 opus
656 3247 700 3313 de
724 3244 810 3314 illis:
835 3250 879 3315 ob
903 3247 1048 3316 crimina
1070 3250 1154 3317 nulli

309 3354 502 3424 Occurrant
524 3354 640 3422 letho:
664 3353 776 3422 subito
800 3354 946 3421 donatus
969 3360 1005 3423 et
1029 3376 1125 3440 auro,

309 3461 476 3551 Depositis
500 3461 615 3542 armis
638 3467 777 3548 repetat
800 3481 862 3529 sua
885 3466 1041 3532 Dalmata
1065 3469 1169 3535 tecta.

310 3573 423 3659 Atque
447 3575 536 3641 Foro
561 3570 746 3640 Libertatis
769 3591 846 3640 cras
869 3578 990 3659 surgat
1014 3575 1048 3641 in
1073 3580 1186 3664 amplo

310 3680 433 3763 Arbor,
456 3684 491 3749 et
514 3679 684 3747 innumeri
705 3679 885 3765 jactentur
908 3683 952 3748 ad
976 3684 1119 3752 aethera
1143 3689 1302 3773 plausus:

310 3787 373 3856 Hic
397 3790 494 3857 iocus
517 3787 648 3873 antiqui
672 3789 852 3855 comburat
876 3794 1059 3858 stemmata
1082 3795 1203 3879 regni:

310 3895 373 3964 Hic
396 3898 522 3964 clamet
546 3914 695 3981 praeco:
721 3897 885 3963 transacti
910 3899 1075 3985 temporis
1099 3907 1178 3969 acta

310 4007 362 4074 Ex
385 4005 499 4073 animo
524 4004 692 4090 effugiant
715 4004 928 4092 rapientibus
952 4010 1077 4075 obruta
1101 4012 1253 4078 dammis.

311 4115 474 4194 Tradere,
497 4130 586 4198 quae
611 4112 727 4192 libeat,
750 4112 887 4198 scriptis
911 4115 993 4182 data
1016 4116 1117 4202 copia
1140 4119 1258 4187 cuivis

311 4222 367 4289 Bis
389 4219 467 4288 deni
492 4223 708 4305 quatuorque
732 4218 809 4286 Viri
834 4222 1069 4290 moderamina
1093 4245 1209 4293 rerum

312 4331 363 4399 Ex
388 4327 517 4419 populo
541 4325 634 4409 lecti,
658 4330 798 4412 totoque
823 4346 866 4395 ex
891 4330 1010 4398 ordine
1035 4334 1177 4400 Patrum
