3382 5362
751 429 930 495 ..29-

317 569 360 634 Et
385 568 500 636 multis
523 572 635 639 solare
659 539 766 640 malis.
791 574 998 660 Respublica
1020 576 1113 643 nulla
1137 580 1188 643 est

318 683 434 751 Eheu!
461 685 673 772 temporibus
697 689 800 772 longe
824 687 961 755 diversa
985 688 1129 757 vetustis

317 792 402 859 Sunt
426 791 497 859 tre‘s
521 792 705 878 majestate
730 795 818 877 Viri,
841 816 988 881 quorum
1012 798 1128 883 ampla
1150 801 1303 883 potestas

318 899 463 985 lnquirit
487 900 571 967 laesi
595 900 744 986 vigilans
767 902 801 968 in
825 904 971 970 crimina
994 905 1094 990 regni

317 1010 462 1074 Centum
486 1008 605 1090 oculis,
629 1013 835 1095 centumque
860 1012 975 1079 ferens
998 1015 1042 1079 ad
1066 1011 1203 1078 vincula
1226 1012 1390 1078 dextras:

317 1117 444 1182 Horret
469 1114 657 1182 visceribus
681 1120 797 1184 terrae
821 1118 894 1184 sine
919 1118 1045 1187 lumine
1070 1137 1191 1186 carcer

317 1223 520 1307 Squallidus,
544 1227 580 1291 et
603 1224 734 1291 stillans
757 1226 962 1311 putentibus
982 1227 1131 1312 undique
1155 1223 1275 1310 guttis

316 1330 434 1397 Nullus
457 1329 504 1398 ibi
528 1335 581 1398 est
604 1351 677 1416 aer,
700 1333 764 1399 nisi
788 1353 923 1400 crassus
946 1337 1083 1402 ducitur
1107 1353 1178 1401 ore.

316 1437 358 1502 Hi
382 1438 506 1505 durum
532 1445 698 1508 exercent
721 1443 889 1526 regimen,
913 1443 971 1527 qui
995 1461 1131 1529 semper
1155 1440 1281 1507 iidem:
1320 1471 1322 1474 ·

314 1551 425 1617 Pallet
449 1554 485 1616 et
510 1552 553 1617 ad
578 1571 701 1619 nomen
725 1552 863 1639 trepida
886 1552 1069 1620 formidine
1093 1551 1179 1619 civis

315 1658 380 1723 Vel
404 1657 516 1742 magis
540 1658 726 1727 innocuus:
752 1659 865 1727 tenuis
888 1661 1035 1747 suspicio
1060 1661 1205 1746 praebet

314 1765 530 1850 Argumenta
554 1768 659 1851 necis
682 1768 764 1853 quin
787 1768 832 1835 sit
855 1768 1009 1837 defensio
1034 1767 1167 1836 vinctis,

313 1872 422 1943 Dicite
447 1895 518 1957 vos,
541 1876 650 1961 funes,
674 1879 798 1958 undae,
821 1876 992 1963 cultrique
1016 1874 1166 1957 nefandi,

314 1982 403 2058 Qut
426 1982 543 2052 miseri
567 1984 727 2055 cecidere
750 1984 871 2052 infelix
894 1983 1006 2053 hostia
1030 1982 1145 2052 vobis!

313 2090 341 2157 Ο
365 2108 426 2157 nos
449 2090 579 2174 felices,
603 2092 720 2178 rapuit
742 2111 828 2178 quos
851 2091 991 2178 Sarpius
1014 2090 1081 2158 illis

314 2181 587 2265 Carnificum'ex
611 2199 778 2280 manibus,
801 2198 985 2284 rapuitque
1010 2218 1031 2264 a
1054 2199 1160 2265 caede
1186 2194 1340 2264 cruoris!

314 2306 379 2372 Sed
401 2304 566 2390 quidnam
589 2306 735 2374 retulit?
758 2308 855 2373 furor
878 2305 1022 2374 istorum
1046 2307 1158 2373 altera
1182 2307 1294 2370 tentat

313 2413 488 2499 Supplicia
511 2412 545 2479 in
569 2417 723 2483 nosmet:
745 2412 821 2498 jam
844 2433 966 2481 carcer
989 2412 1177 2498 squallidus
1201 2414 1328 2493 exstat,

314 2523 513 2604 Longumve
539 2504 708 2601 exsilium,
732 2525 792 2587 aut
815 2541 955 2606 prorsus
978 2517 1277 2606 privamur—adire

312 2629 473 2710 concilia,
497 2634 601 2714 atque
626 2628 850 2713 magistratus
874 2649 937 2715 per
960 2634 1118 2715 tempora
1145 2626 1246 2693 vitae.

313 2737 439 2802 Exulat
463 2755 482 2803 e
505 2735 631 2822 patria,
655 2739 751 2802 tenet
775 2741 810 2802 et
834 2736 991 2804 custodia
1015 2734 1123 2802 tristis

311 2842 484 2925 Pisanum,
508 2841 664 2928 quamvis
687 2842 822 2928 patriae
847 2846 1040 2941 cumulatus
1064 2843 1193 2910 honore

312 2950 460 3017 Fulserit
484 2949 622 3032 eximio,
646 2950 747 3035 cujus
770 2970 866 3017 mens
889 2951 1034 3036 provida
1058 2948 1155 3029 vidit,

311 3060 405 3134 Quae
429 3061 601 3125 Venatum
626 3057 783 3142 regimen
808 3077 924 3125 secum
949 3060 1050 3125 modo
1075 3059 1200 3122 damna
1224 3057 1374 3122 fovebat.

312 3169 387 3252 lpse
412 3167 616 3250 loquebatur
640 3166 787 3233 facundo
811 3170 954 3252 pectore
980 3187 1073 3250 uera,

311 3274 456 3358 lllosquc
480 3271 630 3340 adscribi
653 3276 795 3340 Patrum
819 3275 987 3342 suadebat
1011 3277 1045 3341 in
1069 3276 1159 3353 albo,

311 3387 401 3461 Quos
424 3383 575 3452 retinent
598 3387 712 3466 urbes
736 3388 772 3451 et
795 3385 941 3470 quorum
964 3385 1107 3453 illustris
1130 3381 1242 3465 origo,

310 3494 422 3577 Atque
448 3491 541 3558 vices
562 3490 695 3558 studuit
719 3490 865 3576 vigilans
888 3511 1096 3578 componere
1120 3493 1244 3557 tantas.

309 3602 375 3665 Fas
398 3598 509 3666 odisse
534 3598 646 3666 viros:
671 3598 784 3668 subito
809 3602 992 3667 damnatur
1016 3600 1147 3667 amicus

309 3707 492 3793 Zelotypus
515 3705 614 3787 recti,
637 3704 826 3790 strictoque
851 3706 885 3772 in
910 3712 1006 3774 turre
1030 3709 1175 3775 locatur.

308 3812 480 3894 Patriciis,
503 3813 619 3894 crede,
642 3812 779 3880 omnino
805 3818 857 3880 est
881 3833 986 3882 exosa
1009 3818 1174 3900 potestas

309 3922 399 3997 Quos
422 3919 549 4006 premit
573 3919 730 4005 imperio,
755 3925 790 3987 et
813 3941 916 3990 saevo
940 3927 1076 3991 terrore
1100 3924 1274 4006 gravatos.

309 4030 358 4093 Tu
382 4028 495 4108 modo,
518 4030 556 4092 tu
581 4025 709 4108 venias,
736 4026 879 4095 miseros
902 4033 938 4094 et
961 4031 1066 4110 solve,
1089 4047 1292 4116 precamur:

308 4137 480 4219 Prospera
504 4152 559 4200 res
582 4134 695 4215 cedet,
720 4134 815 4200 vario
841 4155 906 4201 non
931 4139 1074 4203 fluctuet
1098 4142 1197 4204 aestu

308 4243 402 4306 Mens
426 4239 500 4321 tibi,
524 4241 591 4306 fide
616 4239 711 4321 mihi,
734 4259 809 4308 sum
834 4262 923 4309 nunc
947 4244 982 4309 in
1006 4247 1191 4329 utrumque
1215 4250 1371 4330 paratus

308 4347 374 4412 Seu
399 4345 517 4413 ulcisci
541 4346 661 4430 socios,
685 4367 744 4414 seu
769 4354 867 4415 certa
891 4369 1075 4417 occurrere
1100 4371 1243 4438 poenae.
