3382 5362
655 429 833 495 ..99-

226 575 310 640 Sunt
334 574 439 660 aliqui
463 574 584 662 pennis
608 576 723 642 oculos
746 574 805 660 qui
829 576 1013 642 obvolvere
1038 575 1152 644 densis

230 684 419 766 Coguntur,
443 683 589 751 demissa
613 683 672 750 alii
696 683 833 752 cervice
857 686 1083 751 recumbunt:

227 789 291 866 Qui
315 790 433 876 digitis
457 793 618 877 cytharas
641 794 789 879 pulsant,
812 793 870 879 qui
895 795 1038 878 gutture
1063 796 1183 859 cantus

227 897 426 968 Dulcisonos
449 902 566 985 edunt,
590 902 723 968 alterno
747 904 912 988 tympana
935 901 1035 988 pulsu
1175 897 1177 901 ’

229 1008 413 1075 Certabant
437 1008 507 1090 alii,
530 1014 634 1094 atque
659 1007 748 1095 aptis
772 1007 993 1094 clangoribus
1016 1006 1088 1075 edit

230 1114 379 1182 Buccina
402 1117 497 1183 clara
521 1135 632 1198 sonos,
655 1120 769 1183 tensas
792 1118 900 1184 melos
922 1116 1030 1183 allicit
1053 1133 1166 1196 aures,

231 1219 320 1286 Ante
344 1222 450 1286 Deum
474 1220 701 1288 circumstant
724 1220 885 1291 distincto
910 1220 1029 1290 ordine
1046 1219 1133 1301 Divi,

218 1327 273 1391 Et
297 1324 402 1411 patrii
427 1327 612 1412 Indigetes,
636 1347 721 1413 qum
744 1328 999 1395 servantissime
1023 1327 1110 1394 recti

231 1434 515 1518 Vrbsquondam
540 1436 684 1502 dederat
707 1437 833 1504 multos
856 1437 898 1503 de
922 1439 1028 1520 gente
1052 1439 1195 1520 togata:

232 1541 274 1606 Et
298 1540 356 1624 qui
381 1542 586 1628 conspicuis,
608 1545 736 1630 populo
762 1547 959 1626 venerante,
982 1542 1119 1630 patroni

232 1648 379 1744 auxiliis
404 1653 556 1718 Venetos
578 1657 728 1734 servant,
752 1655 787 1719 et
810 1652 913 1720 litora
936 1649 1077 1719 circum.

232 1754 274 1820 Hi
299 1757 445 1840 genibus
467 1759 565 1825 flexis
589 1761 756 1827 laetantes
779 1761 910 1826 Numen
933 1760 1089 1826 adorant.

232 1866 282 1928 En
307 1863 420 1934 subito
445 1867 597 1951 cytharis
621 1867 750 1935 indicta
773 1867 909 1934 silentia
932 1866 1037 1934 festis.

232 1973 321 2038 Ecce
347 1972 455 2041 Maria
479 1976 597 2043 oculos
619 1974 750 2062 pietate
776 1976 883 2042 effusa
906 1974 1054 2042 nitentes

233 2081 301 2146 Has
324 2079 450 2148 iterum
474 2081 569 2149 Patri
594 2082 713 2150 retulit
736 2084 779 2150 dc
803 2084 907 2157 corde
931 2083 1110 2168 querelas:
1145 2084 1148 2088 “

233 2190 314 2254 Tam
339 2189 433 2256 fovet
456 2189 530 2277 ipsa
553 2210 614 2259 suo
638 2193 791 2258 flammas
814 2191 848 2256 in
871 2194 1015 2278 pectore
1038 2189 1184 2258 amoris!

234 2297 261 2362 O
286 2298 391 2364 Pater
415 2298 641 2385 omnipotens,
663 2297 809 2385 sapienti
833 2298 890 2384 qui
915 2297 1031 2365 omnia
1053 2301 1151 2380 nutu,

235 2403 448 2490 Consilioque
473 2406 578 2492 regis,
601 2408 719 2474 oculos
743 2405 924 2474 miseratus
947 2405 982 2471 in
1005 2408 1090 2472 urbe

128 2573 130 2577 ,
234 2513 354 2596 Defige
378 2513 539 2600 Adriaca,
563 2535 584 2580 a
607 2515 750 2583 Venetis
773 2517 863 2581 mala
887 2517 984 2580 tanta
1008 2514 1148 2599 repelle.

234 2619 297 2686 Hic
321 2620 471 2706 primum
494 2623 607 2710 pietas
629 2623 779 2710 lapidem
803 2627 1042 2691 constraverat
1066 2620 1160 2689 urbis

234 2728 378 2795 Numine
403 2730 476 2797 fota
500 2750 588 2813 meo,
610 2735 714 2816 atque
739 2729 821 2796 mihi
845 2733 1034 2798 devoverat
1058 2731 1188 2796 urbem.

234 2839 374 2922 Templa
397 2837 512 2906 dicata
536 2838 618 2905 mihi
642 2842 789 2923 surgunt
811 2837 970 2905 sublimia
992 2836 1130 2924 passim,

235 2944 503 3032 Numinibusque
528 2951 655 3015 canunt
678 2947 803 3015 nostris
827 2967 889 3033 per
913 2947 1051 3012 saecula
1074 2945 1201 3011 laudes

235 3053 343 3138 Saepe
368 3058 437 3134 tua,
461 3058 497 3121 61
520 3054 653 3137 Divum,
676 3054 799 3139 quibus
822 3057 893 3121 alta
917 3053 1072 3119 habitare
1097 3050 1221 3118 dedisti

234 3160 364 3242 Sydera
388 3160 576 3244 nobiscum,
600 3165 635 3228 61
659 3181 744 3246 quos
768 3163 858 3230 Vrbs
880 3162 983 3228 habet
1007 3159 1081 3245 ipsa
1102 3161 1279 3245 patronos,

232 3269 378 3335 Pectore
403 3269 549 3336 demisso
573 3288 608 3336 se
633 3271 702 3337 sert
726 3271 768 3336 ad
793 3270 923 3355 templa
945 3266 1136 3353 quotannis.

233 3377 302 3441 Hos
325 3377 421 3442 dedit
444 3376 511 3442 ista
534 3375 648 3458 Viros,
672 3395 757 3463 quos
782 3395 871 3443 nunc
894 3373 1057 3443 coelestia
1082 3376 1223 3441 Sanctos

234 3485 353 3566 Regna
378 3487 516 3550 tonent:
543 3503 610 3568 ego
631 3483 705 3568 jam
730 3483 832 3551 terris
856 3483 968 3568 magis
990 3480 1146 3548 omnibus
1169 3498 1270 3546 unam

234 3592 328 3656 Hanc
345 3592 420 3657 colo
435 3612 441 3655 :
459 3593 632 3659 Gallorum
649 3611 670 3658 a
686 3591 829 3659 Venetis
848 3592 969 3677 procul
986 3589 1146 3656 abstrahe
1163 3592 1317 3672 gentem,

235 3703 280 3766 Te
305 3718 440 3786 precor,
464 3719 483 3767 0
508 3701 661 3782 Genitor,
684 3703 820 3767 turbam
846 3704 882 3767 61
904 3699 1065 3786 disperde
1090 3716 1263 3784 rapacem.

233 3810 281 3873 Ne
305 3812 427 3894 pereat
452 3811 608 3874 veterum
633 3808 798 3875 virtutum
823 3808 949 3893 gloria,
973 3825 1111 3892 quaese,

234 3918 341 3991 Quam
366 3935 535 4003 peperere
559 3916 623 3984 sibi
648 3920 823 3984 transacto
847 3920 1003 4001 tempore
1027 3913 1131 3981 cives.

234 4022 266 4088 Si
293 4021 384 4088 vitiis
408 4027 540 4090 marcet
564 4027 672 4109 pubes
695 4024 854 4090 confecta
877 4021 1042 4104 scelestis,

234 4131 345 4214 Atque
370 4148 479 4211 senes,
502 4128 604 4196 citius
628 4130 747 4217 poenis
770 4149 950 4216 compesce
975 4129 1131 4208 rebelles,

233 4237 298 4303 Vel
322 4255 406 4303 11606
431 4237 543 4322 plecte
568 4236 705 4304 minax:
731 4241 869 4303 maneat
892 4256 954 4324 per
978 4237 1117 4302 saecula
1139 4233 1302 4322 princeps

232 4347 275 4411 Et
298 4342 414 4424 maris,
438 4348 473 4409 et
497 4348 630 4410 terrac:
656 4347 794 4410 maneat
817 4343 988 4431 sapientia
1012 4346 1142 4427 legum,
