3382 5362
742 355 920 420 ..60-

315 507 451 581 Tuncne
477 501 573 569 eritis
597 499 674 581 tuti,
696 498 832 584 quando
856 497 1087 566 dominabitur
1111 499 1166 568 ille

314 611 507 678 Finitimisl
530 628 633 695 sopor
656 609 722 674 beu
746 604 857 691 ‹pudis
881 625 940 670 ros
963 607 1120 674 conficit!
1147 627 1264 675 amens

310 719 390 797 orris
415 724 523 806 putet,
547 725 585 784 ut
609 721 783 800 llonapars
806 715 948 779 ardente
973 715 1132 801 cupidine
1157 718 1272 801 pulsus

309 827 466 912 Argenti,
490 833 592 911 utque
616 823 704 906 auri,
728 821 785 906 qui
812 823 915 887 ltalos
938 822 1108 907 spoliavit,
1132 828 1167 890 et
1190 842 1308 890 ornnes

310 935 470 1021 Imperio,
494 937 528 999 et
552 931 656 1017 gama,
679 936 800 1016 portus
823 933 1042 995 contemnere
1067 936 1211 1010 nostros,

311 1044 353 1108 Et
376 1042 508 1123 navale,
532 1042 692 1122 ratesque
717 1034 825 1102 volite
849 1053 958 1118 neque
983 1040 1093 1117 curet,
1117 1041 1152 1105 et
1175 1039 1270 1124 optet

309 1147 450 1215 Divitias
474 1145 603 1233 populi,
627 1147 730 1228 atque
755 1140 892 1207 aeraria
916 1141 1053 1226 publiea
1076 1144 1201 1212 l'ortist

312 1255 475 1323 Proxima
499 1273 577 1320 eum
602 1255 717 1318 teneat
741 1248 894 1328 castella,
916 1247 983 1314 iter
1006 1250 1158 1337 explieat
1181 1269 1262 1319 eeer

309 1364 361 1429 Ad
386 1366 520 1429 nostras
542 1363 655 1439 urbes
679 1357 860 1442 eapietquo
885 1355 1044 1441 quidem:
1068 1363 1168 1444 putat
1192 1360 1315 1439 hostes

309 1470 455 1551 Credite,
478 1488 540 1536 nos
563 1467 648 1547 illos,
671 1463 730 1551 qui
754 1463 919 1531 obsistere
942 1483 1122 1550 possumus
1144 1472 1222 1534 atro

309 1577 466 1658 Consilio,
489 1575 630 1643 immitis
653 1591 720 1658 quo
744 1576 869 1638 eunota
893 1571 1055 1639 invadere
1079 1578 1152 1642 tent
1177 1579 1200 1641 t.

310 1685 430 1770 Cogito
456 1703 515 1752 vos
538 1682 640 1750 eitius
662 1678 783 1765 quavis
806 1677 948 1761 regione
966 1681 1142 1764 eohortes

310 1798 353 1861 Et
377 1793 512 1859 firmate
536 1792 637 1858 urbes
660 1789 767 1853 multo
792 1785 957 1852 tutamine
982 1792 1123 1873 vestras

311 1899 566 1984 conciliumque
591 1899 752 1980 Europae
775 1891 915 1960 indicite
939 1894 1099 1979 regibus:
1125 1915 1253 1979 omnes

310 2006 431 2076 Adsint
454 2010 492 2074 ut
516 2004 615 2086 votis
639 2005 713 2071 toto
737 2020 827 2068 nune
851 2002 954 2068 eorde
978 2002 1118 2072 eiemus.

310 2121 438 2185 Forsan
463 2118 498 2184 et
521 2117 680 2200 Europae
704 2112 878 2178 donabunt
902 2108 968 2178 ista
991 2114 1145 2182 salutern.

313 2224 465 2304 Dixerat,
489 2226 524 2291 et
546 2222 658 2288 nullus
680 2217 785 2286 tantis
808 2218 1022 2286 sermonibus
1045 2223 1150 2290 audet

312 2334 448 2399 Addere
472 2332 590 2410 verba,
613 2328 695 2394 licet
719 2325 855 2393 Battaia
878 2331 1070 2397 eonliemat
1093 2350 1164 2399 ore.

312 2444 405 2507 Tune
428 2441 580 2506 statuere
605 2438 737 2515 Patres,
760 2433 942 2500 flammatis
965 2439 1126 2506 cordibus
1148 2438 1239 2506 intus

311 2546 498 2630 Belligeras
521 2563 687 2612 revocare
712 2545 815 2621 rates,
838 2545 1040 2628 nautasque,
1067 2548 1199 2614 veloces

311 2657 422 2740 Atque
447 2657 580 2736 breves,
603 2668 692 2736 quae
717 2650 819 2715 urbes
842 2649 959 2734 pelagi
984 2657 1140 2721 tutantur
1165 2652 1237 2722 Eoi.

310 2758 502 2829 Sollicitare
527 2762 561 2825 ot
586 2777 670 2844 opus
694 2755 833 2836 ratium,
856 2775 941 2840 qrras
965 2760 1091 2827 multus
1114 2761 1148 2827 in
1172 2761 1286 2848 amplo

310 2867 490 2935 Artificum
515 2884 678 2932 numerus
702 2862 820 2929 Navali
846 2864 1004 2947 laluieat,
1027 2866 1061 2933 in
1085 2887 1153 2953 quo

310 2974 481 3062 Suppetit,
504 2971 661 3040 immanis
684 2968 841 3056 quamvis
865 2971 1007 3040 obsistat
1031 2977 1139 3060 Enyo,

309 3081 386 3165 Pix,
409 3101 516 3162 enses
540 3081 695 3167 sulphur,
718 3077 859 3163 quaevis
883 3084 918 3146 et
941 3081 1100 3150 maehina
1123 3084 1224 3153 bello.
1274 3125 1278 3133 ·

311 3193 384 3258 Hoc
407 3196 483 3257 erat
507 3186 646 3255 Adriaei
670 3186 806 3271 signum
831 3188 958 3254 Navale
982 3189 1128 3273 decoris,

312 3299 451 3368 Priscae
475 3304 509 3366 et
533 3296 681 3378 virtutis
705 3298 827 3364 Veneti
853 3316 954 3381 quam
980 3301 1084 3368 eorde
1108 3302 1279 3370 fovebant.

312 3407 473 3478 Protinus
497 3406 697 3475 innumerae
721 3423 827 3472 naves
850 3424 886 3471 se
911 3409 1002 3474 l'erre
1027 3428 1090 3496 per
1113 3411 1221 3477 undas

313 3521 505 3587 Cernuntur
530 3513 686 3601 liquidas
709 3532 797 3599 quae
823 3513 926 3581 Vrbis
948 3521 1026 3583 sunt
1050 3519 1185 3587 moenia
1209 3520 1345 3587 nostrae

312 3624 473 3693 Hostibus
498 3622 617 3704 invisa,
640 3628 674 3689 et
698 3642 786 3707 quae
813 3641 984 3707 nunquam
1009 3628 1132 3694 robore
1157 3628 1269 3695 fracta

309 3731 430 3800 Hostili
456 3734 605 3812 luerunt,
628 3729 661 3795 in
686 3729 783 3815 queis
806 3731 961 3813 gaudere
987 3732 1123 3801 videtur

309 3840 522 3928 Imparidum
547 3841 678 3905 Natura
703 3841 826 3917 lorum,
850 3840 1015 3924 sedesque
1040 3844 1168 3910 beatas.

308 3948 491 4015 Armorum
517 3945 693 4032 strepitus,
716 3966 792 4012 eum
820 3946 916 4012 mins
939 3947 1072 4032 spicula
1095 3926 1230 4017 tracta?

308 4055 348 4119 Se
373 4074 538 4121 exorrens
562 4055 728 4135 manibus,
752 4060 934 4122 resorraut:
960 4059 995 4122 et
1021 4056 1127 4124 milite
1152 4060 1258 4125 multo

310 4165 403 4231 Vrbs
425 4185 561 4250 quoque
586 4169 702 4233 nostra
725 4163 808 4232 seris
831 4166 935 4232 Gallis
958 4163 1086 4252 stipata
1108 4166 1269 4235 minatur.

310 4272 403 4339 Vrbs
425 4291 562 4358 quoque
586 4276 704 4341 nostra
727 4272 810 4341 seris
833 4272 937 4341 Gallis
960 4272 1088 4361 stipata
1112 4274 1272 4344 minatur.
