3382 5362
674 403 875 488 2137ss

249 572 400 642 Horrida
424 573 612 658 tempestas
635 566 748 634 sonitu
771 569 930 652 tetroque
954 567 1094 652 fragore
1180 605 1182 611 ·
1235 549 1239 559 ’

248 656 430 750 Grandinis
452 678 488 745 in
511 675 645 755 nimbis,
669 675 858 758 crebroque
882 672 916 739 in
940 675 1078 759 fulgure
1104 675 1226 762 mugit.

248 788 446 856 Extimuere
471 783 536 851 viri
560 780 711 864 fremitu,
734 779 794 864 qui
818 782 907 847 tetra
930 780 1091 867 minatur,

247 895 446 964 Extimuere
472 889 548 973 viri,
571 886 720 976 patriam
743 887 840 972 queis
864 890 1010 974 perdere
1035 910 1141 958 curae
1165 895 1227 959 est.

247 1007 331 1072 Sunt
354 999 460 1089 aliqui
484 999 565 1079 illie,
588 997 707 1063 sedato
731 994 790 1080 qui
813 1015 990 1063 murmure
1014 1000 1139 1065 vellent

201 1136 205 1147 ·
246 1116 314 1179 Pro
338 1108 471 1202 patriae
495 1107 602 1174 fortes
625 1102 834 1189 profundere
860 1105 964 1170 verba
986 1106 1108 1187 salute,
1239 1197 1244 1203 ι

246 1220 311 1287 Sed
335 1219 410 1285 fera
432 1212 592 1304 perfidius
612 1209 686 1296 jam
706 1209 782 1294 jam
806 1209 999 1299 dicentibus
1022 1215 1146 1281 obstat,
1228 1306 1231 1310 A

229 1305 469 1394 ‚Namsd'enxa
494 1322 607 1387 manet
631 1318 725 1384 dirae
749 1319 920 1384 sententia
943 1319 1061 1403 menti,

247 1437 296 1502 Vt
319 1434 422 1501 cadat
445 1427 643 1517 Imperium,
665 1426 758 1492 nullo
781 1425 982 1509 auxiliante,
1004 1428 1125 1512 ruinae

246 1543 315 1610 Nec
338 1559 416 1627 spes
440 1540 509 1605 tam
533 1536 637 1620 longa
660 1531 696 1599 in
719 1536 839 1599 tenues
863 1539 1060 1603 vanesceret
1083 1555 1195 1604 auras.

246 1649 440 1735 Extemplo,
463 1649 643 1732 postquam
666 1638 767 1708 sociis
786 1639 863 1725 Jam
885 1640 986 1726 signa
1009 1644 1134 1711 dedere

215 1775 218 1781 ’
242 1759 351 1824 Pacta
373 1753 485 1842 prius,
507 1755 627 1839 pactas
648 1747 774 1830 subita,
797 1752 988 1836 crebroque
1012 1752 1152 1838 fragore

246 1866 338 1932 Tunc
361 1861 445 1931 foris
468 1859 596 1947 ignitas
618 1860 790 1927 tormenta
813 1859 998 1944 explodere
1021 1862 1186 1945 glandes:

245 1969 444 2041 Concutitur
467 1967 593 2054 gelidis
615 1964 792 2050 saevisque
816 1964 995 2034 timoribus
1018 1987 1115 2036 unus.

243 2077 391 2165 Quisque
415 2095 544 2164 pavens
565 2094 629 2163 pro
653 2093 701 2155 se,
725 2077 827 2159 atque
844 2074 952 2141 oeulis
972 2075 1191 2162 turgentibus
1209 2094 1326 2146 omnes

242 2185 424 2269 Exsiliunt,
446 2176 586 2273 properi
610 2188 646 2252 et
668 2182 828 2250 subsellia
851 2184 951 2270 regia
974 2185 1141 2272 linquunt.

242 2297 321 2404 Sese
346 2293 436 2362 inter
459 2291 614 2375 miscent,
636 2290 712 2359 aliis
735 2311 801 2360 non
825 2293 985 2377 cognitus
1008 2297 1108 2376 ullus,

244 2402 470 2491 Impellitque‚
493 2400 644 2486 ruitque,
669 2399 827 2485 viamque
850 2401 914 2469 sibi
937 2403 1060 2471 anxius
1084 2408 1187 2488 urget

240 2510 388 2597 Quisque
412 2512 567 2588 Patrum,
591 2507 793 2593 magnisque
817 2507 937 2595 implet
960 2511 1166 2578 clamoribus
1190 2511 1325 2603 aulam:

241 2619 308 2683 llos
330 2618 446 2700 habet,
471 2614 576 2681 hostis
599 2615 712 2696 babet,
736 2618 830 2682 certe
855 2634 944 2684 nunc
969 2621 1115 2703 occupat
1140 2620 1280 2685 Vrbem.

241 2726 497 2810 Turmatimque
522 2728 627 2791 ruunt
650 2728 768 2809 portas
791 2731 872 2792 tunc
896 2724 929 2791 vi
953 2746 1015 2813 per
1039 2732 1188 2815 apertas

240 2836 307 2902 Per
330 2835 505 2919 scalasque
528 2833 634 2916 fugae
659 2838 837 2899 currentes
860 2838 962 2918 terga
984 2836 1130 2902 dedere:

240 2940 500 3028 Ingeminatque
524 2944 653 3008 metum
677 2941 824 3027 populus
847 2943 1054 3011 clamoribus
1078 2963 1225 3029 urgens:

238 3053 306 3118 Per
330 3050 417 3132 sora,
440 3068 571 3138 perque
595 3047 669 3116 vias
692 3051 763 3117 ullo
787 3048 859 3117 sine
883 3050 1021 3120 tramite
1045 3059 1201 3138 currunt,

238 3159 422 3228 Maenades
446 3163 481 3225 et
505 3157 604 3225 iuriis
626 3157 776 3243 agitatas
800 3177 873 3227 esse
896 3165 1047 3247 putares.

239 3267 303 3334 Sed
327 3265 423 3354 prius
447 3284 491 3333 ex
513 3267 613 3334 aulae
637 3264 770 3333 interea
793 3267 875 3334 data
897 3267 996 3353 signa
1021 3261 1181 3338 fenestra.

237 3373 398 3444 Proditor
422 3375 507 3442 haee
531 3374 685 3457 dederat,
708 3375 784 3460 quis
807 3376 921 3444 nescio
945 3378 1046 3463 signa
1069 3382 1244 3461 scelestus,
1272 3463 1276 3469 .

237 3486 333 3562 Quod
356 3484 467 3552 ruerit
491 3483 670 3570 Regimen,
694 3484 803 3552 ruerit
826 3488 1033 3573 Respublica
1056 3489 1196 3557 tandem

236 3594 344 3660 Corde
369 3592 593 3660 Salimbenius
612 3590 688 3678 jam
712 3595 798 3661 baec
822 3598 1028 3682 expectabat
1051 3596 1168 3666 aventi

236 3697 381 3767 Vexillis
404 3701 504 3767 nixus
527 3704 695 3787 perlongo
721 3708 876 3790 tempore
890 3705 1012 3786 celsis
1272 3792 1278 3796 ⁵

234 3809 327 3884 Quae
353 3812 389 3875 tu
414 3815 513 3874 terna
539 3808 632 3875 vides
656 3816 735 3877 ante
760 3813 880 3879 aedem
905 3833 1049 3898 surgere
1069 3811 1193 3880 Marci.

234 3915 362 3984 Ductor
385 3921 459 3982 erat
482 3917 636 4002 peditum
661 3920 831 4002 longaeva
855 3926 969 3988 aetate
992 3924 1160 4006 gravatus
1173 3944 1182 4008 3

234 4022 299 4089 Sed
323 4023 441 4108 nequit
465 4043 632 4091 annorum
656 4027 812 4111 gravitas
836 4029 1017 4096 deflectere
1043 4049 1165 4112 moreS,

234 4133 300 4201 Nos
323 4132 445 4220 quibus
468 4135 652 4203 imbuimus
677 4138 850 4223 primaevo
875 4139 909 4206 in
935 4143 1017 4209 tiore
1038 4141 1217 4226 juventae.

233 4244 393 4314 Proditor
417 4246 480 4314 iste
505 4249 599 4315 i'avet
623 4248 739 4331 Gallis,
763 4256 797 4316 et
821 4252 973 4319 moribus
996 4253 1131 4339 impiis:

233 4352 364 4422 Vltima
387 4355 459 4422 fata
483 4361 596 4424 tamen
621 4362 756 4445 patruae
781 4360 961 4426 commissa
984 4363 1082 4430 fuere

1217 4504 1248 4564 lo
