3382 5362
638 405 838 471 -101-

217 557 311 630 Quae
337 552 515 619 celebrent
534 546 702 632 juvenum
727 549 828 615 modo
853 549 1007 617 cladibus
1030 548 1131 634 orgia
1154 547 1304 616 Bacchi?

216 663 264 726 Ne
289 659 411 725 redeat
434 657 558 736 susum,
581 673 721 739 quaese,
744 655 892 740 caligine
916 660 1063 743 tempus,

216 773 261 836 Te
285 784 421 853 precor,
445 761 668 848 Omnipotens
691 761 844 845 Genitor,
868 768 1045 849 testorque
1070 783 1134 850 per
1158 762 1281 851 ipsum,

216 880 336 956 Quem,
359 876 393 939 te
418 873 533 950 dante,
556 868 634 935 dedi
659 868 865 938 intemerato
890 875 1044 958 pectore,
1068 873 1204 938 Natum.

216 992 312 1056 Nunc
336 983 501 1073 pietatem
526 979 646 1066 igitur,
668 999 808 1066 quaeso,
831 983 943 1050 solare
967 984 1162 1064 cadentem,

216 1103 321 1182 Inque
346 1091 437 1159 viros
460 1092 613 1156 Venetos
636 1087 801 1155 caelestia
824 1090 914 1157 dona
938 1090 1173 1177 triumphent:

216 1210 274 1285 Te,
296 1203 401 1268 Pater
426 1197 659 1283 Omnipotens,
682 1197 828 1282 supplex
851 1201 912 1264 tua
935 1196 1082 1264 Numina
1105 1216 1220 1284 posce,

152 1349 157 1360 ·
215 1314 264 1379 Ne
287 1311 348 1376 des
371 1305 444 1392 ipse
467 1303 550 1371 seris
574 1302 716 1390 animas,
738 1323 827 1388 quae
852 1306 956 1373 corde
980 1305 1134 1372 latentur

214 1412 416 1502 Relligionis
439 1430 525 1498 opus
548 1410 656 1494 oculis
679 1409 836 1478 mirabile
860 1411 972 1480 claris.
1057 1424 1070 1436 ‘

213 1530 260 1594 At
283 1526 383 1592 Sator
407 1518 630 1605 Omnipotens
653 1518 761 1599 vultu,
784 1537 852 1603 quo
876 1524 1002 1587 cuncta
1025 1524 1176 1604 serenat,

215 1633 377 1702 Sublevat
400 1627 473 1715 ipse
497 1645 599 1693 manu
624 1623 755 1705 Divam,
778 1623 901 1694 dehinc
926 1628 1009 1695 talia
1032 1629 1147 1697 fatur:

214 1746 306 1810 Pone
330 1753 464 1825 preces,
487 1735 611 1817 Virgo,
634 1735 814 1799 remanent
837 1733 980 1803 immota
1003 1755 1067 1823 per
1090 1756 1214 1804 aevum

214 1840 380 1918 Consilia:
406 1838 547 1908 Adriaci
571 1841 699 1906 flexere
723 1840 784 1906 abs
808 1838 915 1909 limite
940 1844 1040 1926 recti,
1107 1858 1109 1864 ·

215 1962 292 2043 lpsa
315 1951 411 2018 vides
433 1965 563 2036 paucos
579 1945 657 2013 aris
679 1945 857 2033 imponere
881 1949 1068 2020 honorem:

215 2068 341 2134 Fervet
364 2063 401 2129 at
425 2055 586 2144 impietas
611 2057 724 2137 euleu,
747 2075 836 2142 quae
861 2058 986 2128 diffluit
1008 2064 1123 2130 audax

216 2178 252 2240 ln
276 2169 462 2260 populum:
487 2168 653 2252 corrupta
676 2165 772 2246 fides,
798 2185 985 2254 verumque
1009 2171 1174 2258 pudicum

215 2283 288 2351 Non
311 2279 455 2346 exorato
479 2272 660 2341 mendacia
679 2271 801 2358 judice
825 2277 997 2362 torquent.

216 2393 289 2456 ltur
312 2385 347 2452 in
371 2402 471 2452 omne
495 2383 617 2448 nefas:
643 2385 678 2447 et
701 2386 845 2468 pectore
869 2386 981 2452 nullus
1004 2385 1038 2452 in
1063 2386 1131 2455 imo

216 2495 388 2577 Advertit,
410 2498 576 2580 quantum
605 2495 719 2559 verset
741 2511 820 2559 mea
843 2495 968 2564 dextra
990 2499 1176 2584 flagellum.

215 2611 363 2692 Tempus
386 2605 422 2669 et
445 2601 518 2689 ipse
542 2599 633 2681 dedi,
657 2603 696 2666 ut
719 2587 863 2669 noscant
889 2621 951 2669 sua
978 2605 1125 2675 crimina
1151 2608 1303 2691 tandem,

217 2717 328 2799 Atque
352 2710 411 2777 diu
431 2707 606 2794 jaculatus
630 2727 724 2774 eram
749 2727 827 2775 mea
850 2711 920 2776 tela
942 2712 1079 2781 luroris.

216 2823 281 2890 Sed
305 2816 415 2903 magis
437 2816 599 2882 indurant
622 2815 826 2901 praecordia
849 2837 968 2904 prava,
991 2821 1116 2890 minaci

216 2929 433 3011 llluduntque
457 2923 561 2990 mihi:
586 2928 666 2989 ante
689 2941 803 2990 meum
828 2943 1039 3012 consurgere
1063 2933 1230 3018 templum

215 3040 341 3120 Magna
364 3033 501 3099 theatra
524 3029 640 3096 vides:
665 3030 785 3097 domus
807 3032 878 3098 alta
900 3036 1051 3121 assurgit
1072 3038 1204 3122 averni,

214 3147 321 3222 Quam
345 3140 469 3208 tollunt
493 3136 586 3205 cives
608 3137 749 3224 profuso
773 3139 918 3225 largiter
942 3163 1049 3211 auro:

215 3248 384 3337 Egredier
408 3245 536 3314 laribus
559 3264 640 3314 mox
663 3244 802 3331 cogitur
824 3247 936 3316 incola
959 3271 1103 3340 pauper,

215 3361 257 3426 Et
280 3363 401 3426 tenues
424 3353 581 3441 reperire
604 3355 709 3436 locos,
731 3353 799 3421 ubi'
814 3359 913 3441 parta
935 3359 1061 3445 quietis

217 3465 295 3534 Otia
318 3463 464 3532 lenirent
487 3480 610 3549 curas3
634 3461 807 3547 celerique
832 3465 948 3533 labore

214 3571 374 3641 Artifices
398 3591 538 3658 operam
560 3572 691 3638 tantam
715 3573 891 3658 complere
911 3572 1100 3659 jubentur:

214 3682 316 3764 Ante,
339 3681 460 3747 decem
483 3698 586 3764 quam
610 3680 691 3745 luna
715 3680 815 3746 orbes
838 3683 1044 3768 complesset
1068 3689 1104 3754 et
1128 3691 1206 3756 octo

215 3794 340 3873 Ingens
362 3785 474 3871 surgit
497 3805 604 3873 opus:
628 3785 787 3871 quamvis
809 3792 929 3871 gemat
952 3790 1056 3859 anxia
1080 3796 1181 3861 tellus

214 3893 397 3977 Ausoniae,
420 3898 524 3980 atque
547 3894 612 3961 sibi
635 3899 798 3962 venturos
822 3896 929 3963 Adria
952 3917 1051 3966 casus

214 4002 376 4070 Praescia
399 4004 542 4070 deberet
565 4001 699 4087 pridem
723 4021 955 4087 cognoscere:
982 4025 1103 4074 verum

214 4116 308 4179 Haeo
332 4111 397 4177 fuit
421 4131 440 4178 o
464 4111 607 4176 nimium
631 4109 711 4177 fatis
733 4111 846 4198 sopita
869 4113 1014 4180 futuris!

214 4221 331 4287 Nonne
355 4219 451 4287 dabit
473 4219 628 4306 poenas?
652 4221 804 4288 Venetos
828 4220 966 4307 impune
991 4241 1054 4309 per
1079 4241 1179 4292 omne
1312 4235 1315 4242 '

172 4365 176 4371 ·
216 4326 368 4396 lusanire
392 4329 489 4396 nefas
511 4329 711 4410 concedam,
735 4330 770 4394 et
786 4347 957 4416 spernere
980 4332 1103 4416 leges?
