3382 5362
644 425 754 491 ...53
776 464 821 477 ..

211 571 278 637 Per
302 570 388 652 fo'ra,
411 587 541 655 perque
565 569 695 648 domos
718 571 753 634 et
776 589 839 655 per
862 571 1011 636 clamosa
1033 571 1209 652 tabernae,

212 680 380 764 Epotatur
403 675 462 742 ubi
485 677 627 743 Mochae
651 694 752 759 seges
775 679 851 742 usta
874 678 1036 758 Saboeae,

211 787 361 870 Cumque
385 782 461 850 aliis
484 787 620 870 tempus
644 782 762 866 lingua
785 784 954 850 consumis
978 784 1082 866 inani,

210 893 281 957 Aut
304 890 475 957 madidam
499 890 611 958 curris
635 909 773 956 versare
798 889 974 957 inhonesta
997 892 1216 978 palaestram,

210 998 279 1064 Aut
303 996 361 1064 ubi
385 1015 420 1064 se
444 999 568 1065 tollunt
591 997 728 1083 templis
751 996 889 1081 objecta
911 997 1054 1065 sacratis

211 1106 333 1192 Ampla
356 1106 492 1172 theatra
514 1123 644 1172 recens.
669 1106 764 1171 Heu!
791 1106 873 1171 dum
896 1106 1006 1191 gemit
1029 1105 1132 1172 anxia
1155 1108 1250 1172 terra

210 1210 408 1299 Hesperiae,
430 1215 533 1297 atque
557 1210 621 1278 sibi
648 1213 782 1277 turbato
806 1211 970 1297 pertimet
994 1231 1067 1293 ore,

210 1318 317 1387 Adria
339 1318 390 1386 bis
412 1317 509 1385 nonis
532 1317 697 1385 immenso
720 1319 763 1385 ad
787 1318 901 1386 sidera
923 1323 1061 1407 sumptu

210 1425 380 1494 Mensibus
403 1428 575 1493 extulerat
598 1425 678 1493 fatis
700 1425 811 1512 sopita
834 1426 968 1494 tuturis.

210 1538 353 1620 Jamque
377 1532 460 1600 nihil
484 1534 628 1602 vetitum
649 1533 762 1618 juvat,
785 1534 850 1601 hoe
873 1554 916 1601 ne
940 1533 1110 1601 nundinae
1132 1533 1167 1600 in
1182 1551 1271 1602 anno

210 1642 383 1709 Solemnes
407 1642 541 1723 fierent,
564 1639 707 1708 Venetis
731 1640 915 1708 laetissima
939 1640 1071 1709 cunctis

211 1753 389 1836 Tempora,
412 1768 500 1834 quae
524 1750 673 1836 plateam
697 1748 805 1816 Marci
828 1752 971 1817 tenuere
995 1747 1175 1835 quotannis

210 1860 277 1925 Per
301 1861 356 1925 ter
378 1856 528 1943 quinque
552 1856 642 1924 dies:
667 1858 882 1943 quadruplex
906 1858 963 1925 ubi
987 1855 1118 1925 fabrica
1140 1855 1253 1942 surgit

212 1964 402 2052 Egregium
426 1965 510 2033 artis
534 1984 618 2052 opus
642 1964 736 2052 picta
759 1963 928 2032 intextum
952 1965 1063 2033 abiete
1087 1964 1230 2033 circum.

211 2076 305 2142 lntus
328 2072 497 2141 distinctis
520 2077 587 2140 stat
610 2072 764 2160 porticus
786 2074 855 2139 alta
879 2072 1056 2155 columnis,

210 2179 382 2250 Mercibus
406 2183 441 2248 et
465 2180 561 2248 dives
583 2179 744 2268 pretiosis
766 2178 857 2246 intus
880 2185 915 2248 et
940 2185 1040 2248 extra

211 2287 480 2375 circumquaque
505 2291 647 2357 taberna
670 2287 777 2355 nitet:
803 2308 1004 2356 numerosus
1026 2288 1142 2356 adibat

211 2399 378 2483 Tempore
402 2394 436 2462 in
460 2398 525 2463 hoc
549 2399 669 2463 urbem
694 2394 828 2461 visurus
851 2401 886 2462 et
908 2397 1041 2464 advena
1064 2399 1215 2464 nostram

209 2504 357 2571 Pulchra
380 2505 525 2584 theatra,
545 2503 657 2589 J'ocos,
681 2502 755 2570 visu
778 2506 975 2590 spectacula
998 2505 1104 2590 digna

209 2611 370 2678 Attamen
394 2611 467 2698 ipse
491 2614 617 2679 Forum
642 2630 805 2695 magnum
828 2610 1000 2696 plerisque
1025 2612 1219 2679 redundans

210 2715 434 2803 Francigenis
458 2717 548 2784 vidi:
573 2717 739 2785 immanes
763 2737 806 2785 ex
829 2738 910 2785 aere
935 2719 1088 2804 rigentes

209 2825 348 2894 Loricas
371 2824 522 2907 memini,
545 2827 663 2910 galeas
687 2825 867 2910 cristisque
891 2829 1068 2912 superbas,

209 2931 445 3020 Fatiserosque
470 2952 579 3014 enses,
602 2932 770 3000 Mavortia
793 2932 903 3017 signa,
926 2953 1123 3020 pavescens.

94 3088 97 3093 ,
210 3039 330 3126 Nilque
351 3039 476 3125 juvant
500 3059 640 3129 prorsus
664 3039 790 3127 trepidi
814 3043 968 3108 consulta
992 3043 1146 3123 Senatus,

210 3147 312 3224 Queis
336 3148 519 3216 edicuntur
543 3167 606 3235 per
629 3151 753 3216 cuncta
776 3147 927 3215 sacraria
949 3152 1086 3217 sanctae

209 3254 425 3342 Presbyteris
448 3257 642 3343 populoque
666 3273 789 3342 preces
813 3254 961 3340 (tentare
985 3256 1124 3343 periclis

209 3360 305 3437 Quod
328 3362 415 3429 solet
438 3360 472 3428 in
496 3361 591 3430 duris
614 3361 767 3432 mortalis
791 3380 915 3430 caecus
938 3366 973 3432 et
996 3365 1110 3449 ealon,

209 3469 271 3546 Qui
295 3470 397 3539 modo
421 3470 526 3548 corde
550 3489 682 3537 memor
706 3469 793 3538 coeli
817 3473 899 3538 tunc
923 3471 1069 3540 Numina
1092 3471 1226 3562 noscit).

209 3577 285 3663 lpse
309 3595 376 3663 ego
401 3577 505 3645 vicini
528 3597 698 3666 praesaga
721 3582 835 3645 mente
860 3578 981 3666 pericli

210 3683 355 3770 Coniugi
380 3685 482 3752 toties
504 3685 678 3771 antiquam
703 3688 853 3754 moestus
875 3688 919 3753 ad
943 3689 1067 3755 AEdem

183 3790 397 3860 -Coelicolae
421 3792 540 3874 Marci,
563 3794 744 3880 splendens
766 3793 904 3879 pietatis
927 3795 1039 3861 avitae

208 3898 348 3984 Pignus,
372 3899 429 3968 ubi
452 3900 523 3967 ritu
545 3901 733 3987 primorem
757 3905 838 3967 urbs
861 3904 934 3968 tota
957 3905 1143 3971 Patronem

209 4006 400 4095 Praecipuo
424 4009 568 4077 recolit:
594 4012 773 4094 lacrymas
797 4020 832 4077 et
855 4013 946 4092 vota,
969 4029 1158 4097 precesque

209 4094 282 4181 niro
306 4112 410 4181 enini
434 4117 579 4202 supplex
603 4118 648 4182 aa
673 4115 828 4200 Virginis
852 4136 959 4196 aran,

210 4218 314 4306 Cujus
338 4224 372 4288 et
396 4221 557 4309 auspiciis
577 4222 652 4308 Jam
676 4223 811 4310 pridem
835 4226 926 4290 Vrbs
949 4229 1065 4291 nostra
1089 4224 1240 4311 vigebat.

185 4326 283 4408 ⁴Illic
306 4331 342 4398 et
364 4329 483 4418 populi
506 4329 668 4416 gemitus,
691 4331 850 4419 suspiria,
873 4334 1030 4420 planctus
