3382 5362
866 352 1044 418 ..43-

432 499 566 567 Gaudia
589 498 637 566 sic
662 498 748 565 tacit
794 497 932 584 excepit
957 497 1093 565 Battaia
1116 498 1233 578 corde,

433 607 495 687 Qui
519 609 649 675 scelere
675 607 813 673 int'ando
840 606 971 693 patriae
996 625 1096 673 sacra
1116 605 1200 691 jura
1223 620 1365 690 perosus

435 717 588 782 Ardebat
612 733 719 781 vanus
743 714 892 801 patriani
917 713 1047 782 laniare
1073 718 1254 781 vetustam.

432 826 505 902 Quo
529 821 635 890 trahit
660 822 815 890 inversae
841 841 962 889 vecors
985 821 1156 889 sententia
1180 818 1315 901 mentis

435 933 477 998 Et
501 930 664 998 novitatis
687 932 803 997 arnor!
831 931 1010 1016 praeclara
1034 929 1142 1015 stirpe
1166 933 1315 1008 creatus,

436 1042 478 1106 nt
502 1037 621 1105 similis
645 1037 733 1122 Regi
759 1037 911 1104 retinens
934 1041 1170 1106 moderamina
1193 1055 1309 1103 rerum

435 1150 517 1213 lure
542 1145 618 1231 pari
642 1164 721 1212 cum
745 1144 832 1226 aliia,
856 1147 1000 1211 dederat
1023 1146 1114 1230 quod
1139 1142 1261 1211 nobilis
1284 1147 1391 1225 ortua,

436 1252 563 1319 Vivere
588 1249 783 1335 subjectum
809 1250 934 1318 misera
957 1271 1035 1318 cum
1060 1252 1158 1336 plebe
1183 1251 1387 1336 praeoptat!

435 1358 489 1427 Fit
513 1357 678 1445 strepitus
700 1357 804 1439 soliiS,
827 1357 987 1444 soliisque
1012 1359 1129 1425 innixa
1152 1357 1282 1424 levavit

435 1469 590 1534 Membra
613 1466 777 1532 Senatus:
802 1465 875 1533 abit
898 1466 1045 1533 reddens
1068 1465 1131 1533 sibi
1156 1467 1262 1532 verba
1285 1463 1405 1531 salutis

434 1576 553 1641 Mutua
576 1574 740 1659 quisque:
766 1576 904 1640 domum
928 1573 967 1655 it,
990 1593 1068 1641 cum
1094 1574 1149 1639 Sol
1165 1572 1326 1639 latitabat
1350 1571 1383 1636 in
1410 1569 1521 1653 undis,

435 1680 566 1748 Limine
591 1683 666 1767 plus
690 1681 803 1749 medio
827 1679 976 1766 subjecti
1000 1680 1150 1748 cardinis
1173 1684 1263 1762 acto,

434 1792 477 1856 Et
501 1791 711 1877 properabat
735 1789 814 1872 iter,
837 1791 938 1856 daret
961 1792 999 1856 111
1023 1807 1112 1856 nova
1136 1789 1266 1856 lumina
1290 1787 1403 1856 terris.

435 1900 572 1965 Interea
596 1899 770 1984 Bonapars
794 1896 921 1965 vexilla
943 1896 1097 1964 admovit
1119 1898 1164 1963 ad
1188 1898 1291 1964 urbes

434 2003 621 2072 Adriacas:
647 1992 776 2071 furiosa
800 2001 939 2071 licentia
963 2000 1073 2068 saevit
1098 2001 1235 2088 ubique,

432 2111 541 2179 Milite
566 2115 602 2179 et
625 2110 765 2179 indocili
790 2113 858 2178 late
884 2112 959 2178 loea
983 2108 1129 2176 inermia
1152 2108 1287 2195 stirpat.

433 2219 562 2301 Brixia,
585 2221 719 2300 Crania,
742 2224 823 2286 tuae
848 2225 883 2286 et
906 2218 1059 2301 fremitu,
1082 2222 1231 2301 Benace,
1254 2234 1390 2298 sonore,

433 2329 523 2404 Quas
546 2328 671 2412 reples,
695 2329 808 2408 urbes
831 2331 867 2393 et
891 2327 1152 2413 propugnacula
1176 2323 1276 2393 nullis

432 2434 619 2502 Praesidiis
643 2433 787 2516 inmuta,
811 2437 922 2502 11111111
947 2454 1112 2519 gemuere
1137 2437 1303 2516 furorem,

434 2541 581 2627 Vimque
606 2546 750 2609 trucem.
776 2541 971 2627 Insequitur
990 2541 1066 2627 jam
1087 2541 1162 2627 jam
1187 2541 1410 2628 peditumque

433 2649 559 2716 Ordine
576 2652 717 2717 confuso
734 2651 904 2716 bacchans
921 2649 1225 2734 exercitus,atque
1296 2648 1518 2735 equitumque

433 2759 493 2824 1111
518 2757 586 2824 tuis
609 2760 728 2824 ruerat
751 2742 882 2843 portis,
898 2760 1049 2839 Verona,
1071 2757 1237 2844 superbia.

434 2863 556 2932 lnt'elin
580 2867 720 2932 Verona
745 2865 844 2931 nnnis
868 2865 981 2932 vicina
1005 2868 1153 2932 decorae

434 2974 607 3053 Mantuae,
630 2976 666 3038 et
689 2972 821 3039 infestis
844 2992 981 3059 semper
1004 2972 1219 3040 circumdata
1243 2971 1355 3039 bellis!

434 3079 489 3147 Sic
512 3100 660 3165 1111111111,
683 3100 762 3148 curn
786 3081 970 3167 crepitanti
997 3080 1148 3168 erumpit
1171 3083 1298 3148 tulmen
1324 3082 1481 3167 Olympo,

434 3188 545 3270 Atque
570 3186 674 3253 etiam
699 3186 898 3254 horrilicum
923 3190 1034 3253 terras
1058 3186 1236 3255 descendit
1260 3186 1293 3251 in
1318 3185 1415 3268 imaS,

431 3295 504 3370 Qua
527 3293 646 3380 serpit,
670 3295 820 3378 flagrans
843 3294 959 3362 caedis
984 3294 1132 3380 vestigia
1156 3295 1283 3380 signat,

432 3401 611 3488 Sulpliuris
634 3405 737 3486 atque
761 3422 906 3487 gravem
931 3404 999 3469 late
1024 3402 1184 3472 diffundit
1208 3404 1361 3471 odorem.

431 3507 595 3575 Militibus
619 3513 794 3595 Bonapars
818 3511 1003 3592 hominum,
1027 3530 1219 3596 regumque
1244 3512 1429 3595 flagellum,

431 3617 537 3692 Quem
562 3636 666 3683 saeva
690 3637 843 3701 genuere
868 3617 977 3703 tigres
1000 3619 1123 3685 tellure
1148 3625 1325 3700 eruentae,

432 3727 525 3790 Haec
548 3724 618 3791 ait:
643 3726 671 3791 O
695 3725 790 3808 socii,
814 3745 983 3811 quaenam
1008 3745 1151 3811 usquam
1176 3729 1257 3808 tela,
1281 3745 1468 3812 manusque

433 3831 606 3898 Virtutem
630 3851 795 3918 superare
820 3838 959 3918 queant,
982 3853 1051 3918 qua
1075 3833 1219 3901 vicimus
1243 3836 1376 3919 usque?

431 3940 547 4006 Nonne
572 3938 667 4006 brevi
694 3941 800 4007 sortes
823 3940 1033 4026 subjecimus
1056 3943 1170 4009 omnia
1194 3962 1327 4027 gressu,

431 4049 566 4131 Perque
590 4065 685 4113 meas
710 4052 908 4133 vestrasque
932 4067 1053 4117 manus
1077 4049 1225 4117 feliciter
1248 4055 1365 4118 arctus

432 4154 548 4220 Nonne
573 4153 669 4221 brevi
694 4154 830 4240 populis
853 4175 992 4241 eorupes
1015 4155 1225 4239 dissolvitur,
1249 4163 1284 4226 et
1307 4177 1396 4227 nunc

432 4260 550 4327 Nonne
574 4281 637 4347 per
661 4261 861 4348 Hesperiam
886 4264 1074 4331 Germanos
1096 4265 1177 4331 sede
1201 4268 1354 4334 revulsos
