<?xml version="1.0" encoding="UTF-8"?>
<!DOCTYPE html PUBLIC "-//W3C//DTD XHTML 1.0 Transitional//EN"
    "http://www.w3.org/TR/xhtml1/DTD/xhtml1-transitional.dtd">
<html xmlns="http://www.w3.org/1999/xhtml" xml:lang="en" lang="en">
 <head>
  <title>
</title>
<meta http-equiv="Content-Type" content="text/html;charset=utf-8" />
  <meta name='ocr-system' content='tesseract 3.04.00' />
  <meta name='ocr-capabilities' content='ocr_page ocr_carea ocr_par ocr_line ocrx_word'/>
</head>
<body>
  <div class='ocr_page' id='page_1' title='image "adriades00pasigoog_0050.png"; bbox 0 0 3382 5362; ppageno 0'>
   <div class='ocr_carea' id='block_1_1' title="bbox 642 435 819 500">
    <p class='ocr_par' dir='ltr' id='par_1_1' title="bbox 642 435 819 500">
     <span class='ocr_line' id='line_1_1' title="bbox 642 435 819 500; baseline 0.017 -18"><span class='ocrx_word' id='word_1_1' title='bbox 642 435 819 500; x_wconf 63' lang='grc'><strong>,41-</strong></span> 
     </span>
    </p>
   </div>
   <div class='ocr_carea' id='block_1_2' title="bbox 133 571 1292 4443">
    <p class='ocr_par' dir='ltr' id='par_1_2' title="bbox 210 571 1292 1637">
     <span class='ocr_line' id='line_1_2' title="bbox 211 571 1158 664; baseline -0.006 -14"><span class='ocrx_word' id='word_1_2' title='bbox 211 571 362 650; x_wconf 85' lang='lat' dir='ltr'>Naturae</span> <span class='ocrx_word' id='word_1_3' title='bbox 386 575 513 646; x_wconf 86' lang='lat' dir='ltr'>sanctis</span> <span class='ocrx_word' id='word_1_4' title='bbox 537 580 712 662; x_wconf 84' lang='lat' dir='ltr'>Bonapars</span> <span class='ocrx_word' id='word_1_5' title='bbox 735 579 943 664; x_wconf 84' lang='lat' dir='ltr'>penetravit,</span> <span class='ocrx_word' id='word_1_6' title='bbox 967 584 1002 648; x_wconf 93' lang='lat' dir='ltr'>et</span> <span class='ocrx_word' id='word_1_7' title='bbox 1026 580 1158 647; x_wconf 82' lang='lat' dir='ltr'>hostem</span> 
     </span>
     <span class='ocr_line' id='line_1_3' title="bbox 211 684 1149 771; baseline -0.007 -13"><span class='ocrx_word' id='word_1_8' title='bbox 211 690 386 768; x_wconf 82' lang='lat' dir='ltr'>Quomodo</span> <span class='ocrx_word' id='word_1_9' title='bbox 411 684 600 770; x_wconf 78' lang='lat' dir='ltr'>dejicerem</span> <span class='ocrx_word' id='word_1_10' title='bbox 624 685 803 771; x_wconf 89' lang='lat' dir='ltr'>delapsum</span> <span class='ocrx_word' id='word_1_11' title='bbox 827 687 861 753; x_wconf 89' lang='lat' dir='ltr'>in</span> <span class='ocrx_word' id='word_1_12' title='bbox 885 687 1022 755; x_wconf 91' lang='lat' dir='ltr'>moenia</span> <span class='ocrx_word' id='word_1_13' title='bbox 1045 706 1149 754; x_wconf 88' lang='lat' dir='ltr'>cursu</span> 
     </span>
     <span class='ocr_line' id='line_1_4' title="bbox 211 791 1152 882; baseline -0.006 -16"><span class='ocrx_word' id='word_1_14' title='bbox 211 794 410 882; x_wconf 78' lang='lat' dir='ltr'>Praecipiti,</span> <span class='ocrx_word' id='word_1_15' title='bbox 434 794 519 860; x_wconf 87' lang='lat' dir='ltr'>orba</span> <span class='ocrx_word' id='word_1_16' title='bbox 543 795 640 877; x_wconf 86' lang='lat' dir='ltr'>patet</span> <span class='ocrx_word' id='word_1_17' title='bbox 663 791 690 857; x_wconf 91' lang='lat' dir='ltr'>si</span> <span class='ocrx_word' id='word_1_18' title='bbox 717 794 852 860; x_wconf 91' lang='lat' dir='ltr'>moenia</span> <span class='ocrx_word' id='word_1_19' title='bbox 876 795 1040 878; x_wconf 87' lang='lat' dir='ltr'>turribus,</span> <span class='ocrx_word' id='word_1_20' title='bbox 1064 796 1152 862; x_wconf 91' lang='lat' dir='ltr'>ullus</span> 
     </span>
     <span class='ocr_line' id='line_1_5' title="bbox 210 898 1147 990; baseline -0.005 -17"><span class='ocrx_word' id='word_1_21' title='bbox 210 908 281 973; x_wconf 87' lang='lat' dir='ltr'>Nec</span> <span class='ocrx_word' id='word_1_22' title='bbox 304 905 463 990; x_wconf 90' lang='lat' dir='ltr'>superest</span> <span class='ocrx_word' id='word_1_23' title='bbox 485 899 594 979; x_wconf 90' lang='lat' dir='ltr'>miles,</span> <span class='ocrx_word' id='word_1_24' title='bbox 617 898 730 984; x_wconf 78' lang='lat' dir='ltr'>longis</span> <span class='ocrx_word' id='word_1_25' title='bbox 754 901 817 968; x_wconf 87' lang='lat' dir='ltr'>nisi</span> <span class='ocrx_word' id='word_1_26' title='bbox 841 904 949 971; x_wconf 83' lang='lat' dir='ltr'>fessus</span> <span class='ocrx_word' id='word_1_27' title='bbox 973 905 1015 970; x_wconf 89' lang='lat' dir='ltr'>ab</span> <span class='ocrx_word' id='word_1_28' title='bbox 1040 902 1147 987; x_wconf 71' lang='lat' dir='ltr'>annis</span> 
     </span>
     <span class='ocr_line' id='line_1_6' title="bbox 210 994 1148 1098; baseline -0.005 -18"><span class='ocrx_word' id='word_1_29' title='bbox 210 994 369 1082; x_wconf 75' lang='lat' dir='ltr'>Machina</span> <span class='ocrx_word' id='word_1_30' title='bbox 392 1028 455 1075; x_wconf 90' lang='lat' dir='ltr'>nec</span> <span class='ocrx_word' id='word_1_31' title='bbox 479 1005 559 1074; x_wconf 89' lang='lat' dir='ltr'>belli</span> <span class='ocrx_word' id='word_1_32' title='bbox 583 1014 751 1094; x_wconf 77' lang='lat' dir='ltr'>superest,</span> <span class='ocrx_word' id='word_1_33' title='bbox 775 1029 840 1077; x_wconf 89' lang='lat' dir='ltr'>nec</span> <span class='ocrx_word' id='word_1_34' title='bbox 862 1011 964 1098; x_wconf 90' lang='lat' dir='ltr'>copia</span> <span class='ocrx_word' id='word_1_35' title='bbox 987 1010 1148 1096; x_wconf 72' lang='lat' dir='ltr'>glandis?</span> 
     </span>
     <span class='ocr_line' id='line_1_7' title="bbox 211 1113 1188 1206; baseline -0.006 -17"><span class='ocrx_word' id='word_1_36' title='bbox 211 1124 303 1189; x_wconf 88' lang='lat' dir='ltr'>Tunc</span> <span class='ocrx_word' id='word_1_37' title='bbox 327 1120 421 1186; x_wconf 86' lang='lat' dir='ltr'>serus</span> <span class='ocrx_word' id='word_1_38' title='bbox 443 1116 502 1182; x_wconf 90' lang='lat' dir='ltr'>ille</span> <span class='ocrx_word' id='word_1_39' title='bbox 527 1113 634 1196; x_wconf 71' lang='lat' dir='ltr'>cibos</span> <span class='ocrx_word' id='word_1_40' title='bbox 657 1135 824 1203; x_wconf 88' lang='lat' dir='ltr'>nummos,</span> <span class='ocrx_word' id='word_1_41' title='bbox 849 1122 885 1185; x_wconf 90' lang='lat' dir='ltr'>et</span> <span class='ocrx_word' id='word_1_42' title='bbox 908 1120 1034 1205; x_wconf 87' lang='lat' dir='ltr'>pabula</span> <span class='ocrx_word' id='word_1_43' title='bbox 1057 1117 1188 1206; x_wconf 88' lang='lat' dir='ltr'>poscit:</span> 
     </span>
     <span class='ocr_line' id='line_1_8' title="bbox 210 1220 1292 1312; baseline -0.005 -17"><span class='ocrx_word' id='word_1_44' title='bbox 210 1231 280 1296; x_wconf 87' lang='lat' dir='ltr'>Nec</span> <span class='ocrx_word' id='word_1_45' title='bbox 305 1245 412 1310; x_wconf 90' lang='lat' dir='ltr'>mora,</span> <span class='ocrx_word' id='word_1_46' title='bbox 437 1221 612 1307; x_wconf 85' lang='lat' dir='ltr'>equisque,</span> <span class='ocrx_word' id='word_1_47' title='bbox 637 1220 786 1309; x_wconf 88' lang='lat' dir='ltr'>virisque</span> <span class='ocrx_word' id='word_1_48' title='bbox 812 1225 921 1292; x_wconf 87' lang='lat' dir='ltr'>minas</span> <span class='ocrx_word' id='word_1_49' title='bbox 946 1225 1122 1312; x_wconf 77' lang='lat' dir='ltr'>proJectat</span> <span class='ocrx_word' id='word_1_50' title='bbox 1138 1227 1292 1292; x_wconf 82' lang='lat' dir='ltr'>acerbas.</span> 
     </span>
     <span class='ocr_line' id='line_1_9' title="bbox 210 1333 1219 1426; baseline -0.005 -21"><span class='ocrx_word' id='word_1_51' title='bbox 210 1340 286 1426; x_wconf 91' lang='lat' dir='ltr'>lpse</span> <span class='ocrx_word' id='word_1_52' title='bbox 311 1352 378 1420; x_wconf 83' lang='lat' dir='ltr'>ego</span> <span class='ocrx_word' id='word_1_53' title='bbox 402 1349 623 1419; x_wconf 87' lang='lat' dir='ltr'>compescens</span> <span class='ocrx_word' id='word_1_54' title='bbox 647 1333 830 1418; x_wconf 84' lang='lat' dir='ltr'>lacrymas,</span> <span class='ocrx_word' id='word_1_55' title='bbox 854 1336 1029 1421; x_wconf 86' lang='lat' dir='ltr'>fixumque</span> <span class='ocrx_word' id='word_1_56' title='bbox 1053 1336 1219 1416; x_wconf 91' lang='lat' dir='ltr'>dolorem,</span> 
     </span>
     <span class='ocr_line' id='line_1_10' title="bbox 211 1438 1088 1525; baseline -0.005 -13"><span class='ocrx_word' id='word_1_57' title='bbox 211 1449 254 1512; x_wconf 85' lang='lat' dir='ltr'>Et</span> <span class='ocrx_word' id='word_1_58' title='bbox 277 1447 374 1512; x_wconf 87' lang='lat' dir='ltr'>ratus</span> <span class='ocrx_word' id='word_1_59' title='bbox 397 1439 577 1524; x_wconf 85' lang='lat' dir='ltr'>indignum</span> <span class='ocrx_word' id='word_1_60' title='bbox 602 1438 806 1525; x_wconf 84' lang='lat' dir='ltr'>permittere</span> <span class='ocrx_word' id='word_1_61' title='bbox 830 1446 972 1510; x_wconf 89' lang='lat' dir='ltr'>caetera</span> <span class='ocrx_word' id='word_1_62' title='bbox 995 1442 1088 1525; x_wconf 83' lang='lat' dir='ltr'>satis,</span> 
     </span>
     <span class='ocr_line' id='line_1_11' title="bbox 213 1545 1096 1637; baseline -0.005 -17"><span class='ocrx_word' id='word_1_63' title='bbox 213 1549 409 1637; x_wconf 90' lang='lat' dir='ltr'>Intrepidus</span> <span class='ocrx_word' id='word_1_64' title='bbox 431 1549 553 1614; x_wconf 87' lang='lat' dir='ltr'>contra</span> <span class='ocrx_word' id='word_1_65' title='bbox 576 1545 684 1612; x_wconf 87' lang='lat' dir='ltr'>firmis</span> <span class='ocrx_word' id='word_1_66' title='bbox 707 1546 758 1614; x_wconf 92' lang='lat' dir='ltr'>sic</span> <span class='ocrx_word' id='word_1_67' title='bbox 782 1549 924 1617; x_wconf 91' lang='lat' dir='ltr'>vocibus</span> <span class='ocrx_word' id='word_1_68' title='bbox 947 1552 1054 1618; x_wconf 87' lang='lat' dir='ltr'>affor:</span> <span class='ocrx_word' id='word_1_69' title='bbox 1094 1590 1096 1595; x_wconf 93' lang='lat'><em>-</em></span> 
     </span>
    </p>

    <p class='ocr_par' dir='ltr' id='par_1_3' title="bbox 210 1654 1273 1959">
     <span class='ocr_line' id='line_1_12' title="bbox 210 1654 1178 1743; baseline -0.007 -14"><span class='ocrx_word' id='word_1_70' title='bbox 210 1663 283 1729; x_wconf 91' lang='lat' dir='ltr'>Non</span> <span class='ocrx_word' id='word_1_71' title='bbox 308 1662 370 1739; x_wconf 91' lang='lat' dir='ltr'>est,</span> <span class='ocrx_word' id='word_1_72' title='bbox 394 1656 511 1736; x_wconf 91' lang='lat' dir='ltr'>crede,</span> <span class='ocrx_word' id='word_1_73' title='bbox 533 1654 613 1736; x_wconf 90' lang='lat' dir='ltr'>mei,</span> <span class='ocrx_word' id='word_1_74' title='bbox 637 1657 825 1743; x_wconf 86' lang='lat' dir='ltr'>Bonapars,</span> <span class='ocrx_word' id='word_1_75' title='bbox 848 1659 1040 1726; x_wconf 86' lang='lat' dir='ltr'>concedere</span> <span class='ocrx_word' id='word_1_76' title='bbox 1060 1656 1178 1743; x_wconf 84' lang='lat' dir='ltr'>jussis,</span> 
     </span>
     <span class='ocr_line' id='line_1_13' title="bbox 211 1763 1273 1854; baseline -0.006 -16"><span class='ocrx_word' id='word_1_77' title='bbox 211 1770 276 1838; x_wconf 85' lang='lat' dir='ltr'>Sed</span> <span class='ocrx_word' id='word_1_78' title='bbox 300 1769 443 1834; x_wconf 90' lang='lat' dir='ltr'>Patrum</span> <span class='ocrx_word' id='word_1_79' title='bbox 468 1767 532 1845; x_wconf 89' lang='lat' dir='ltr'>est,</span> <span class='ocrx_word' id='word_1_80' title='bbox 555 1763 726 1848; x_wconf 81' lang='lat' dir='ltr'>aliterque</span> <span class='ocrx_word' id='word_1_81' title='bbox 751 1767 858 1848; x_wconf 86' lang='lat' dir='ltr'>nefas,</span> <span class='ocrx_word' id='word_1_82' title='bbox 882 1767 1082 1854; x_wconf 86' lang='lat' dir='ltr'>quaerenda</span> <span class='ocrx_word' id='word_1_83' title='bbox 1105 1768 1273 1833; x_wconf 89' lang='lat' dir='ltr'>voluntas.</span> 
     </span>
     <span class='ocr_line' id='line_1_14' title="bbox 210 1871 1063 1959; baseline -0.002 -16"><span class='ocrx_word' id='word_1_84' title='bbox 210 1876 274 1944; x_wconf 91' lang='lat' dir='ltr'>Hic</span> <span class='ocrx_word' id='word_1_85' title='bbox 296 1871 484 1959; x_wconf 90' lang='lat' dir='ltr'>interrupit</span> <span class='ocrx_word' id='word_1_86' title='bbox 507 1874 682 1957; x_wconf 89' lang='lat' dir='ltr'>Bonapars</span> <span class='ocrx_word' id='word_1_87' title='bbox 705 1894 785 1942; x_wconf 89' lang='lat' dir='ltr'>mea</span> <span class='ocrx_word' id='word_1_88' title='bbox 809 1878 916 1944; x_wconf 87' lang='lat' dir='ltr'>verba</span> <span class='ocrx_word' id='word_1_89' title='bbox 939 1874 1063 1942; x_wconf 86' lang='lat' dir='ltr'>minaci</span> 
     </span>
    </p>

    <p class='ocr_par' dir='ltr' id='par_1_4' title="bbox 141 1981 1248 2388">
     <span class='ocr_line' id='line_1_15' title="bbox 212 1981 1237 2068; baseline -0.005 -16"><span class='ocrx_word' id='word_1_90' title='bbox 212 1987 279 2053; x_wconf 85' lang='lat' dir='ltr'>Ore</span> <span class='ocrx_word' id='word_1_91' title='bbox 303 1983 465 2068; x_wconf 91' lang='lat' dir='ltr'>loquens:</span> <span class='ocrx_word' id='word_1_92' title='bbox 490 1983 578 2064; x_wconf 82' lang='lat' dir='ltr'>Age,</span> <span class='ocrx_word' id='word_1_93' title='bbox 602 1981 696 2047; x_wconf 89' lang='lat' dir='ltr'>nulla</span> <span class='ocrx_word' id='word_1_94' title='bbox 720 2000 838 2050; x_wconf 89' lang='lat' dir='ltr'>morae</span> <span class='ocrx_word' id='word_1_95' title='bbox 863 2003 917 2051; x_wconf 92' lang='lat' dir='ltr'>me</span> <span class='ocrx_word' id='word_1_96' title='bbox 942 2003 1048 2051; x_wconf 89' lang='lat' dir='ltr'>causa</span> <span class='ocrx_word' id='word_1_97' title='bbox 1071 1982 1237 2050; x_wconf 86' lang='lat' dir='ltr'>retardet.</span> 
     </span>
     <span class='ocr_line' id='line_1_16' title="bbox 141 2087 1248 2177; baseline 0 -21"><span class='ocrx_word' id='word_1_98' title='bbox 141 2148 147 2156; x_wconf 84' lang='lat'><em>.</em></span> <span class='ocrx_word' id='word_1_99' title='bbox 211 2090 299 2169; x_wconf 84' lang='lat' dir='ltr'>Quid</span> <span class='ocrx_word' id='word_1_100' title='bbox 323 2109 408 2177; x_wconf 85' lang='lat' dir='ltr'>opus</span> <span class='ocrx_word' id='word_1_101' title='bbox 433 2092 484 2156; x_wconf 92' lang='lat' dir='ltr'>est</span> <span class='ocrx_word' id='word_1_102' title='bbox 508 2087 647 2156; x_wconf 76' lang='lat' dir='ltr'>verbis?</span> <span class='ocrx_word' id='word_1_103' title='bbox 671 2109 738 2174; x_wconf 75' lang='lat' dir='ltr'>ego</span> <span class='ocrx_word' id='word_1_104' title='bbox 762 2095 888 2158; x_wconf 88' lang='lat' dir='ltr'>cuncta</span> <span class='ocrx_word' id='word_1_105' title='bbox 911 2092 1090 2159; x_wconf 88' lang='lat' dir='ltr'>obstacula</span> <span class='ocrx_word' id='word_1_106' title='bbox 1113 2109 1248 2177; x_wconf 87' lang='lat' dir='ltr'>sperno.</span> 
     </span>
     <span class='ocr_line' id='line_1_17' title="bbox 209 2196 1181 2286; baseline -0.003 -19"><span class='ocrx_word' id='word_1_107' title='bbox 209 2201 337 2286; x_wconf 81' lang='lat' dir='ltr'>Magna</span> <span class='ocrx_word' id='word_1_108' title='bbox 361 2196 435 2278; x_wconf 90' lang='lat' dir='ltr'>tibi,</span> <span class='ocrx_word' id='word_1_109' title='bbox 457 2198 696 2283; x_wconf 87' lang='lat' dir='ltr'>quodcumque</span> <span class='ocrx_word' id='word_1_110' title='bbox 721 2197 905 2281; x_wconf 87' lang='lat' dir='ltr'>ministras,</span> <span class='ocrx_word' id='word_1_111' title='bbox 928 2199 1039 2267; x_wconf 84' lang='lat' dir='ltr'>Gallia</span> <span class='ocrx_word' id='word_1_112' title='bbox 1061 2200 1181 2267; x_wconf 86' lang='lat' dir='ltr'>salvet.</span> 
     </span>
     <span class='ocr_line' id='line_1_18' title="bbox 210 2303 1025 2388; baseline -0.001 -13"><span class='ocrx_word' id='word_1_113' title='bbox 210 2307 265 2375; x_wconf 87' lang='lat' dir='ltr'>Sic</span> <span class='ocrx_word' id='word_1_114' title='bbox 288 2306 349 2387; x_wconf 88' lang='lat' dir='ltr'>ait,</span> <span class='ocrx_word' id='word_1_115' title='bbox 372 2303 537 2388; x_wconf 85' lang='lat' dir='ltr'>abscedit,</span> <span class='ocrx_word' id='word_1_116' title='bbox 562 2303 710 2372; x_wconf 85' lang='lat' dir='ltr'>tumidas</span> <span class='ocrx_word' id='word_1_117' title='bbox 734 2307 864 2374; x_wconf 84' lang='lat' dir='ltr'>exarsit</span> <span class='ocrx_word' id='word_1_118' title='bbox 887 2306 921 2372; x_wconf 96' lang='lat' dir='ltr'>in</span> <span class='ocrx_word' id='word_1_119' title='bbox 946 2307 1025 2374; x_wconf 84' lang='lat' dir='ltr'>iras.</span> 
     </span>
    </p>

    <p class='ocr_par' dir='ltr' id='par_1_5' title="bbox 208 2412 1236 2930">
     <span class='ocr_line' id='line_1_19' title="bbox 210 2412 1206 2498; baseline -0.004 -15"><span class='ocrx_word' id='word_1_120' title='bbox 210 2415 296 2492; x_wconf 85' lang='lat' dir='ltr'>Quid</span> <span class='ocrx_word' id='word_1_121' title='bbox 321 2412 404 2481; x_wconf 94' lang='lat' dir='ltr'>mihi</span> <span class='ocrx_word' id='word_1_122' title='bbox 428 2413 662 2479; x_wconf 74' lang='lat' dir='ltr'>firmandum?</span> <span class='ocrx_word' id='word_1_123' title='bbox 685 2413 767 2498; x_wconf 90' lang='lat' dir='ltr'>quid</span> <span class='ocrx_word' id='word_1_124' title='bbox 791 2415 883 2482; x_wconf 93' lang='lat' dir='ltr'>nullo</span> <span class='ocrx_word' id='word_1_125' title='bbox 908 2414 1018 2482; x_wconf 89' lang='lat' dir='ltr'>milite</span> <span class='ocrx_word' id='word_1_126' title='bbox 1042 2418 1078 2481; x_wconf 92' lang='lat' dir='ltr'>et</span> <span class='ocrx_word' id='word_1_127' title='bbox 1101 2412 1206 2480; x_wconf 88' lang='lat' dir='ltr'>armis</span> 
     </span>
     <span class='ocr_line' id='line_1_20' title="bbox 210 2519 1139 2609; baseline -0.003 -19"><span class='ocrx_word' id='word_1_128' title='bbox 210 2522 296 2600; x_wconf 82' lang='lat' dir='ltr'>Quid</span> <span class='ocrx_word' id='word_1_129' title='bbox 320 2519 445 2588; x_wconf 84' lang='lat' dir='ltr'>faciam</span> <span class='ocrx_word' id='word_1_130' title='bbox 470 2520 604 2601; x_wconf 88' lang='lat' dir='ltr'>dubius,</span> <span class='ocrx_word' id='word_1_131' title='bbox 627 2520 655 2586; x_wconf 95' lang='lat' dir='ltr'>si</span> <span class='ocrx_word' id='word_1_132' title='bbox 679 2523 822 2589; x_wconf 87' lang='lat' dir='ltr'>castella</span> <span class='ocrx_word' id='word_1_133' title='bbox 846 2528 994 2609; x_wconf 89' lang='lat' dir='ltr'>occupat</span> <span class='ocrx_word' id='word_1_134' title='bbox 1018 2522 1139 2589; x_wconf 70' lang='lat' dir='ltr'>urbis?</span> 
     </span>
     <span class='ocr_line' id='line_1_21' title="bbox 208 2624 1236 2716; baseline -0.005 -19"><span class='ocrx_word' id='word_1_135' title='bbox 208 2632 391 2715; x_wconf 78' lang='lat' dir='ltr'>Aggravat</span> <span class='ocrx_word' id='word_1_136' title='bbox 414 2631 517 2712; x_wconf 90' lang='lat' dir='ltr'>atque</span> <span class='ocrx_word' id='word_1_137' title='bbox 543 2629 669 2694; x_wconf 85' lang='lat' dir='ltr'>malum</span> <span class='ocrx_word' id='word_1_138' title='bbox 694 2628 786 2716; x_wconf 90' lang='lat' dir='ltr'>(sera</span> <span class='ocrx_word' id='word_1_139' title='bbox 809 2635 845 2696; x_wconf 92' lang='lat' dir='ltr'>et</span> <span class='ocrx_word' id='word_1_140' title='bbox 868 2648 946 2715; x_wconf 89' lang='lat' dir='ltr'>spes</span> <span class='ocrx_word' id='word_1_141' title='bbox 971 2631 1040 2696; x_wconf 85' lang='lat' dir='ltr'>ulla</span> <span class='ocrx_word' id='word_1_142' title='bbox 1065 2624 1236 2714; x_wconf 89' lang='lat' dir='ltr'>medendi)</span> 
     </span>
     <span class='ocr_line' id='line_1_22' title="bbox 209 2734 1052 2820; baseline -0.002 -15"><span class='ocrx_word' id='word_1_143' title='bbox 209 2739 304 2816; x_wconf 82' lang='lat' dir='ltr'>Quod</span> <span class='ocrx_word' id='word_1_144' title='bbox 328 2738 424 2803; x_wconf 84' lang='lat' dir='ltr'>favet</span> <span class='ocrx_word' id='word_1_145' title='bbox 447 2734 572 2816; x_wconf 90' lang='lat' dir='ltr'>hostili,</span> <span class='ocrx_word' id='word_1_146' title='bbox 595 2756 740 2820; x_wconf 90' lang='lat' dir='ltr'>quorum</span> <span class='ocrx_word' id='word_1_147' title='bbox 765 2737 936 2804; x_wconf 88' lang='lat' dir='ltr'>sententia</span> <span class='ocrx_word' id='word_1_148' title='bbox 958 2744 1052 2817; x_wconf 90' lang='lat' dir='ltr'>nota,</span> 
     </span>
     <span class='ocr_line' id='line_1_23' title="bbox 209 2842 1126 2930; baseline -0.003 -17"><span class='ocrx_word' id='word_1_149' title='bbox 209 2848 411 2913; x_wconf 87' lang='lat' dir='ltr'>Nostrorum</span> <span class='ocrx_word' id='word_1_150' title='bbox 434 2842 596 2924; x_wconf 89' lang='lat' dir='ltr'>studium,</span> <span class='ocrx_word' id='word_1_151' title='bbox 620 2842 848 2930; x_wconf 89' lang='lat' dir='ltr'>devinctaque</span> <span class='ocrx_word' id='word_1_152' title='bbox 872 2845 989 2930; x_wconf 78' lang='lat' dir='ltr'>gratia</span> <span class='ocrx_word' id='word_1_153' title='bbox 1012 2844 1126 2912; x_wconf 87' lang='lat' dir='ltr'>fastui.</span> 
     </span>
    </p>

    <p class='ocr_par' dir='ltr' id='par_1_6' title="bbox 210 2949 1109 3256">
     <span class='ocr_line' id='line_1_24' title="bbox 210 2949 1102 3038; baseline -0.006 -15"><span class='ocrx_word' id='word_1_154' title='bbox 210 2953 290 3032; x_wconf 80' lang='lat' dir='ltr'>Quis</span> <span class='ocrx_word' id='word_1_155' title='bbox 312 2955 419 3038; x_wconf 85' lang='lat' dir='ltr'>neget</span> <span class='ocrx_word' id='word_1_156' title='bbox 442 2950 521 3018; x_wconf 92' lang='lat' dir='ltr'>hinc</span> <span class='ocrx_word' id='word_1_157' title='bbox 546 2949 635 3017; x_wconf 90' lang='lat' dir='ltr'>volvi</span> <span class='ocrx_word' id='word_1_158' title='bbox 660 2952 787 3019; x_wconf 81' lang='lat' dir='ltr'>funesti</span> <span class='ocrx_word' id='word_1_159' title='bbox 810 2953 941 3021; x_wconf 91' lang='lat' dir='ltr'>semina</span> <span class='ocrx_word' id='word_1_160' title='bbox 964 2953 1102 3021; x_wconf 75' lang='lat' dir='ltr'>motus?</span> 
     </span>
     <span class='ocr_line' id='line_1_25' title="bbox 210 3055 1109 3144; baseline -0.001 -14"><span class='ocrx_word' id='word_1_161' title='bbox 210 3061 336 3130; x_wconf 89' lang='lat' dir='ltr'>Mittite</span> <span class='ocrx_word' id='word_1_162' title='bbox 360 3057 499 3128; x_wconf 81' lang='lat' dir='ltr'>militias</span> <span class='ocrx_word' id='word_1_163' title='bbox 522 3055 604 3140; x_wconf 91' lang='lat' dir='ltr'>cito,</span> <span class='ocrx_word' id='word_1_164' title='bbox 626 3077 766 3144; x_wconf 88' lang='lat' dir='ltr'>quaeso,</span> <span class='ocrx_word' id='word_1_165' title='bbox 790 3059 918 3129; x_wconf 88' lang='lat' dir='ltr'>mittite</span> <span class='ocrx_word' id='word_1_166' title='bbox 943 3065 978 3129; x_wconf 88' lang='lat' dir='ltr'>et</span> <span class='ocrx_word' id='word_1_167' title='bbox 1001 3081 1109 3129; x_wconf 87' lang='lat' dir='ltr'>arma.</span> 
     </span>
     <span class='ocr_line' id='line_1_26' title="bbox 210 3166 1036 3256; baseline -0.006 -16"><span class='ocrx_word' id='word_1_168' title='bbox 210 3167 355 3240; x_wconf 86' lang='lat' dir='ltr'>Creditis</span> <span class='ocrx_word' id='word_1_169' title='bbox 377 3166 541 3234; x_wconf 83' lang='lat' dir='ltr'>innocuos</span> <span class='ocrx_word' id='word_1_170' title='bbox 564 3167 703 3234; x_wconf 67' lang='lat' dir='ltr'>Gallos?</span> <span class='ocrx_word' id='word_1_171' title='bbox 727 3171 788 3236; x_wconf 91' lang='lat' dir='ltr'>aut</span> <span class='ocrx_word' id='word_1_172' title='bbox 812 3170 882 3237; x_wconf 91' lang='lat' dir='ltr'>ulla</span> <span class='ocrx_word' id='word_1_173' title='bbox 905 3169 1036 3256; x_wconf 88' lang='lat' dir='ltr'>putatis</span> 
     </span>
    </p>

    <p class='ocr_par' dir='ltr' id='par_1_7' title="bbox 209 3274 1095 3470">
     <span class='ocr_line' id='line_1_27' title="bbox 209 3274 1095 3364; baseline -0.002 -19"><span class='ocrx_word' id='word_1_174' title='bbox 209 3279 283 3346; x_wconf 91' lang='lat' dir='ltr'>Non</span> <span class='ocrx_word' id='word_1_175' title='bbox 307 3281 453 3345; x_wconf 84' lang='lat' dir='ltr'>ventura</span> <span class='ocrx_word' id='word_1_176' title='bbox 476 3274 593 3342; x_wconf 70' lang='lat' dir='ltr'>mala?</span> <span class='ocrx_word' id='word_1_177' title='bbox 616 3274 684 3341; x_wconf 88' lang='lat' dir='ltr'>heu</span> <span class='ocrx_word' id='word_1_178' title='bbox 709 3275 804 3344; x_wconf 89' lang='lat' dir='ltr'>vobis</span> <span class='ocrx_word' id='word_1_179' title='bbox 827 3276 970 3344; x_wconf 90' lang='lat' dir='ltr'>illuditis</span> <span class='ocrx_word' id='word_1_180' title='bbox 993 3275 1095 3364; x_wconf 87' lang='lat' dir='ltr'>ipsis!</span> 
     </span>
     <span class='ocr_line' id='line_1_28' title="bbox 210 3382 1049 3470; baseline -0.006 -15"><span class='ocrx_word' id='word_1_181' title='bbox 210 3383 359 3455; x_wconf 90' lang='lat' dir='ltr'>Invisum</span> <span class='ocrx_word' id='word_1_182' title='bbox 384 3403 494 3470; x_wconf 77' lang='lat' dir='ltr'>genus</span> <span class='ocrx_word' id='word_1_183' title='bbox 517 3387 580 3463; x_wconf 90' lang='lat' dir='ltr'>est,</span> <span class='ocrx_word' id='word_1_184' title='bbox 604 3382 781 3470; x_wconf 90' lang='lat' dir='ltr'>invisaque</span> <span class='ocrx_word' id='word_1_185' title='bbox 805 3383 936 3452; x_wconf 89' lang='lat' dir='ltr'>semina</span> <span class='ocrx_word' id='word_1_186' title='bbox 959 3384 1049 3453; x_wconf 93' lang='lat' dir='ltr'>belli.</span> 
     </span>
    </p>

    <p class='ocr_par' dir='ltr' id='par_1_8' title="bbox 211 3491 1068 3579">
     <span class='ocr_line' id='line_1_29' title="bbox 211 3491 1068 3579; baseline -0.006 -15"><span class='ocrx_word' id='word_1_187' title='bbox 211 3494 360 3578; x_wconf 85' lang='lat' dir='ltr'>Credite,</span> <span class='ocrx_word' id='word_1_188' title='bbox 383 3495 554 3561; x_wconf 91' lang='lat' dir='ltr'>latronum</span> <span class='ocrx_word' id='word_1_189' title='bbox 578 3492 689 3559; x_wconf 90' lang='lat' dir='ltr'>saevit</span> <span class='ocrx_word' id='word_1_190' title='bbox 712 3491 907 3579; x_wconf 86' lang='lat' dir='ltr'>superabile</span> <span class='ocrx_word' id='word_1_191' title='bbox 932 3493 1068 3561; x_wconf 89' lang='lat' dir='ltr'>bellum.</span> 
     </span>
    </p>

    <p class='ocr_par' dir='ltr' id='par_1_9' title="bbox 211 3599 1088 3686">
     <span class='ocr_line' id='line_1_30' title="bbox 211 3599 1088 3686; baseline -0.005 -15"><span class='ocrx_word' id='word_1_192' title='bbox 211 3604 259 3671; x_wconf 90' lang='lat' dir='ltr'>Vt</span> <span class='ocrx_word' id='word_1_193' title='bbox 281 3606 404 3670; x_wconf 88' lang='lat' dir='ltr'>ventus</span> <span class='ocrx_word' id='word_1_194' title='bbox 426 3599 574 3667; x_wconf 89' lang='lat' dir='ltr'>stridore</span> <span class='ocrx_word' id='word_1_195' title='bbox 599 3618 662 3686; x_wconf 90' lang='lat' dir='ltr'>per</span> <span class='ocrx_word' id='word_1_196' title='bbox 686 3607 768 3666; x_wconf 82' lang='lat' dir='ltr'>aera</span> <span class='ocrx_word' id='word_1_197' title='bbox 793 3605 931 3686; x_wconf 87' lang='lat' dir='ltr'>torquet</span> <span class='ocrx_word' id='word_1_198' title='bbox 954 3619 1088 3681; x_wconf 88' lang='lat' dir='ltr'>arenas,</span> 
     </span>
    </p>

    <p class='ocr_par' dir='ltr' id='par_1_10' title="bbox 212 3708 1107 3795">
     <span class='ocr_line' id='line_1_31' title="bbox 212 3708 1107 3795; baseline -0.003 -17"><span class='ocrx_word' id='word_1_199' title='bbox 212 3709 267 3778; x_wconf 88' lang='lat' dir='ltr'>Sic</span> <span class='ocrx_word' id='word_1_200' title='bbox 290 3709 371 3778; x_wconf 87' lang='lat' dir='ltr'>licet</span> <span class='ocrx_word' id='word_1_201' title='bbox 395 3714 430 3779; x_wconf 89' lang='lat' dir='ltr'>et</span> <span class='ocrx_word' id='word_1_202' title='bbox 455 3708 550 3777; x_wconf 90' lang='lat' dir='ltr'>vobis</span> <span class='ocrx_word' id='word_1_203' title='bbox 573 3708 675 3776; x_wconf 79' lang='lat' dir='ltr'>lacile</span> <span class='ocrx_word' id='word_1_204' title='bbox 700 3708 899 3795; x_wconf 88' lang='lat' dir='ltr'>disperdere</span> <span class='ocrx_word' id='word_1_205' title='bbox 925 3709 1028 3776; x_wconf 86' lang='lat' dir='ltr'>sures.</span> <span class='ocrx_word' id='word_1_206' title='bbox 1104 3744 1107 3749; x_wconf 95' lang='lat'><em>·</em></span> 
     </span>
    </p>

    <p class='ocr_par' dir='ltr' id='par_1_11' title="bbox 184 3815 1160 4336">
     <span class='ocr_line' id='line_1_32' title="bbox 184 3815 1140 3916; baseline -0.003 -33"><span class='ocrx_word' id='word_1_207' title='bbox 184 3899 191 3916; x_wconf 37' lang='grc' dir='ltr'>Ι</span> <span class='ocrx_word' id='word_1_208' title='bbox 211 3819 364 3903; x_wconf 86' lang='lat' dir='ltr'>Namque</span> <span class='ocrx_word' id='word_1_209' title='bbox 388 3822 493 3884; x_wconf 90' lang='lat' dir='ltr'>ruunt</span> <span class='ocrx_word' id='word_1_210' title='bbox 516 3815 637 3884; x_wconf 90' lang='lat' dir='ltr'>castris</span> <span class='ocrx_word' id='word_1_211' title='bbox 660 3817 868 3883; x_wconf 87' lang='lat' dir='ltr'>bacchantes</span> <span class='ocrx_word' id='word_1_212' title='bbox 891 3816 1011 3883; x_wconf 91' lang='lat' dir='ltr'>ordine</span> <span class='ocrx_word' id='word_1_213' title='bbox 1037 3815 1140 3894; x_wconf 90' lang='lat' dir='ltr'>nullo,</span> 
     </span>
     <span class='ocr_line' id='line_1_33' title="bbox 211 3924 1100 4010; baseline -0.003 -18"><span class='ocrx_word' id='word_1_214' title='bbox 211 3928 295 3992; x_wconf 82' lang='lat' dir='ltr'>Arte</span> <span class='ocrx_word' id='word_1_215' title='bbox 320 3924 416 3992; x_wconf 89' lang='lat' dir='ltr'>ducis</span> <span class='ocrx_word' id='word_1_216' title='bbox 439 3927 552 3991; x_wconf 88' lang='lat' dir='ltr'>nulla:</span> <span class='ocrx_word' id='word_1_217' title='bbox 578 3943 643 4010; x_wconf 91' lang='lat' dir='ltr'>per</span> <span class='ocrx_word' id='word_1_218' title='bbox 668 3944 771 3991; x_wconf 83' lang='lat' dir='ltr'>venas</span> <span class='ocrx_word' id='word_1_219' title='bbox 795 3925 936 4010; x_wconf 76' lang='lat' dir='ltr'>sanguis</span> <span class='ocrx_word' id='word_1_220' title='bbox 959 3928 1100 3992; x_wconf 89' lang='lat' dir='ltr'>oberrat</span> 
     </span>
     <span class='ocr_line' id='line_1_34' title="bbox 212 4014 1160 4130; baseline -0.005 -29"><span class='ocrx_word' id='word_1_221' title='bbox 212 4032 442 4101; x_wconf 84' lang='lat' dir='ltr'>Exstirnulans</span> <span class='ocrx_word' id='word_1_222' title='bbox 465 4033 583 4114; x_wconf 89' lang='lat' dir='ltr'>corda,</span> <span class='ocrx_word' id='word_1_223' title='bbox 607 4031 737 4116; x_wconf 76' lang='lat' dir='ltr'>ingenii</span> <span class='ocrx_word' id='word_1_224' title='bbox 761 4034 964 4118; x_wconf 86' lang='lat' dir='ltr'>variansque</span> <span class='ocrx_word' id='word_1_225' title='bbox 991 4014 1160 4130; x_wconf 61' lang='lat' dir='ltr'>levisque</span> 
     </span>
     <span class='ocr_line' id='line_1_35' title="bbox 213 4140 1115 4219; baseline -0.003 -11"><span class='ocrx_word' id='word_1_226' title='bbox 213 4144 272 4210; x_wconf 88' lang='lat' dir='ltr'>Est</span> <span class='ocrx_word' id='word_1_227' title='bbox 295 4141 388 4208; x_wconf 87' lang='lat' dir='ltr'>acies</span> <span class='ocrx_word' id='word_1_228' title='bbox 411 4140 525 4207; x_wconf 86' lang='lat' dir='ltr'>Gallis.</span> <span class='ocrx_word' id='word_1_229' title='bbox 551 4142 645 4206; x_wconf 90' lang='lat' dir='ltr'>Haec</span> <span class='ocrx_word' id='word_1_230' title='bbox 669 4142 807 4207; x_wconf 72' lang='lat' dir='ltr'>obstat?</span> <span class='ocrx_word' id='word_1_231' title='bbox 831 4140 962 4208; x_wconf 86' lang='lat' dir='ltr'>cernite</span> <span class='ocrx_word' id='word_1_232' title='bbox 988 4144 1115 4219; x_wconf 90' lang='lat' dir='ltr'>torvos,</span> 
     </span>
     <span class='ocr_line' id='line_1_36' title="bbox 213 4246 1150 4336; baseline -0.004 -20"><span class='ocrx_word' id='word_1_233' title='bbox 213 4249 455 4336; x_wconf 78' lang='lat' dir='ltr'>spirantesque</span> <span class='ocrx_word' id='word_1_234' title='bbox 480 4247 608 4315; x_wconf 87' lang='lat' dir='ltr'>minas:</span> <span class='ocrx_word' id='word_1_235' title='bbox 634 4249 694 4315; x_wconf 87' lang='lat' dir='ltr'>sod</span> <span class='ocrx_word' id='word_1_236' title='bbox 718 4268 792 4315; x_wconf 88' lang='lat' dir='ltr'>sors</span> <span class='ocrx_word' id='word_1_237' title='bbox 815 4247 873 4316; x_wconf 90' lang='lat' dir='ltr'>ubi</span> <span class='ocrx_word' id='word_1_238' title='bbox 897 4247 997 4314; x_wconf 89' lang='lat' dir='ltr'>torsit</span> <span class='ocrx_word' id='word_1_239' title='bbox 1021 4246 1150 4331; x_wconf 87' lang='lat' dir='ltr'>iniqua,</span> 
     </span>
    </p>

    <p class='ocr_par' dir='ltr' id='par_1_12' title="bbox 133 4355 1181 4443">
     <span class='ocr_line' id='line_1_37' title="bbox 133 4355 1181 4443; baseline -0.005 -17"><span class='ocrx_word' id='word_1_240' title='bbox 133 4396 137 4403; x_wconf 95' lang='lat'>·</span> <span class='ocrx_word' id='word_1_241' title='bbox 214 4360 257 4426; x_wconf 85' lang='lat' dir='ltr'>Et</span> <span class='ocrx_word' id='word_1_242' title='bbox 281 4355 373 4426; x_wconf 91' lang='lat' dir='ltr'>vires</span> <span class='ocrx_word' id='word_1_243' title='bbox 396 4356 568 4443; x_wconf 89' lang='lat' dir='ltr'>animique</span> <span class='ocrx_word' id='word_1_244' title='bbox 593 4357 743 4425; x_wconf 87' lang='lat' dir='ltr'>cadunt:</span> <span class='ocrx_word' id='word_1_245' title='bbox 768 4356 967 4442; x_wconf 81' lang='lat' dir='ltr'>lacinusque</span> <span class='ocrx_word' id='word_1_246' title='bbox 992 4375 1054 4442; x_wconf 89' lang='lat' dir='ltr'>per</span> <span class='ocrx_word' id='word_1_247' title='bbox 1078 4374 1181 4422; x_wconf 89' lang='lat' dir='ltr'>auras</span> 
     </span>
    </p>
   </div>
   <div class='ocr_carea' id='block_1_3' title="bbox 1209 4501 1225 4553">
    <p class='ocr_par' dir='ltr' id='par_1_13' title="bbox 1209 4501 1225 4553">
     <span class='ocr_line' id='line_1_38' title="bbox 1209 4501 1225 4553; baseline 0 0"><span class='ocrx_word' id='word_1_248' title='bbox 1209 4501 1225 4553; x_wconf 78' lang='lat' dir='ltr'>l</span> 
     </span>
    </p>
   </div>
   <div class='ocr_carea' id='block_1_4' title="bbox 0 0 1699 5362">
    <p class='ocr_par' dir='ltr' id='par_1_14' title="bbox 0 0 1699 5362">
     <span class='ocr_line' id='line_1_39' title="bbox 0 0 1699 5362; baseline 0 0"><span class='ocrx_word' id='word_1_249' title='bbox 0 0 1699 5362; x_wconf 95' lang='lat' dir='ltr'> </span> 
     </span>
    </p>
   </div>
  </div>
 </body>
</html>
