3382 5362
739 418 939 487 -151-

313 566 436 637 Aerios
458 565 592 656 rapido,
615 564 798 651 rigidoque
821 560 993 630 alllamine
1017 582 1152 647 saevus,

313 676 404 753 Quas
426 676 553 742 Auster
575 672 683 755 ducit,
705 671 884 759 propulsat
905 670 940 736 in
964 673 1104 739 aethere
1128 674 1246 741 nubes

313 785 362 851 Vt
383 779 485 849 facile
508 798 671 849 accensus
694 776 839 865 stipulis,
861 796 947 862 quas
969 777 1102 863 colligit
1125 778 1198 866 ipse

312 888 458 975 Frigore
484 891 681 973 torpescens
705 889 836 973 pastor,
858 885 1086 969 restinguitur
1110 887 1223 971 ignis:

314 1000 428 1084 thne
452 996 581 1063 cadunt
603 992 716 1081 primo
739 993 902 1060 detonsae
926 992 1058 1077 frigore
1082 996 1242 1073 ll·ondes;

315 1104 370 1173 Sic
391 1122 528 1191 quoque
551 1099 716 1170 deficiunt
740 1099 773 1165 in
798 1099 891 1183 vulgi
916 1107 1058 1185 pectore
1084 1101 1185 1184 vireS,

316 1212 436 1281 Deficit
458 1216 562 1298 atque
586 1210 690 1277 ardor
714 1206 838 1289 subito,
861 1207 920 1293 qui
945 1228 1072 1294 magna
1097 1210 1258 1278 minatur.

314 1318 434 1401 Dicite,
457 1315 612 1398 Patricii,
637 1333 697 1382 vos
719 1314 863 1400 perlida,
886 1314 1003 1396 dicite,
1027 1319 1139 1398 turba,

313 1430 411 1497 Nunc
433 1425 573 1494 ubinam
596 1428 753 1509 perstant
776 1421 949 1507 conjurati
973 1424 1111 1508 agmine
1137 1430 1245 1509 tanto,

313 1538 428 1623 Atque
450 1532 508 1601 ubi
533 1532 604 1600 tela
628 1531 774 1621 scelesta
798 1529 920 1612 virson,
943 1532 1137 1619 gladiisque
1161 1536 1326 1616 lurentes,

315 1642 379 1723 Qui
401 1641 645 1730 pertentallant
671 1648 822 1704 vestrvnn
846 1641 1051 1723 transfigere
1076 1643 1223 1727 pectus?

317 1754 480 1839 Surgunt,
503 1767 585 1817 ecce
609 1750 726 1814 lavent
749 1745 872 1813 animis
896 1748 978 1816 llaec
1004 1753 1161 1838 tempora
1184 1752 1305 1821 saevis,

318 1858 497 1929 Insidiator
521 1856 619 1923 adest
642 1855 765 1936 nullus,
787 1855 847 1920 sod
872 1860 907 1921 et
931 1856 1086 1926 ‹nnnilrus
1110 1859 1213 1928 inimo

319 1971 399 2039 Tela
420 1965 516 2049 viris
538 1962 710 2049 animique
734 1964 873 2044 cadunt,
896 1963 1088 2052 gladiisque
1113 1968 1254 2037 remotis

316 2074 450 2146 Pallida
472 2075 656 2142 distractos
679 2076 821 2139 tenuere
845 2070 981 2140 silentia
1004 2084 1156 2145 cunctos.

317 2188 392 2255 Nox
415 2186 501 2265 erat,
525 2186 559 2248 et
584 2179 726 2251 Venetis
749 2180 870 2245 densus
894 2184 1100 2251 extenderat
1124 2189 1272 2270 umbras,

318 2298 356 2361 In
379 2290 561 2376 medioque
585 2288 676 2355 diem
700 2289 830 2373 pallens
854 2291 1090 2375 compleverat
1115 2296 1209 2376 erbe,

317 2406 469 2487 Cumque
493 2397 549 2466 die
572 2416 735 2482 suprema
760 2396 837 2461 tulit
861 2417 996 2483 quoqne
1021 2400 1150 2485 gaudia
1175 2403 1281 2485 uelde,

318 2508 437 2579 Volvit
460 2510 496 2575 et
519 2505 553 2571 in
580 2503 729 2571 tenelnis
752 2523 911 2588 reginnn,
936 2514 971 2573 el
994 2509 1100 2576 decus
1123 2510 1182 2577 illa
1207 2515 1391 2592 vetustum,

319 2618 486 2697 Quotam
511 2614 603 2679 nulla
626 2611 686 2677 diu
710 2610 915 2696 llespnlrlica
939 2615 1082 2682 l'nlserat
1106 2622 1197 2684 ante.

319 2728 396 2793 Heu
417 2721 537 2790 Patria
560 2718 690 2799 inl'elix,
714 2731 867 2802 stragem
895 2718 954 2787 nol
980 2726 1071 2813 tetra
1093 2724 1229 2809 paravit

237 2814 240 2821 ¹
319 2830 496 2913 PerfidieS‚
519 2826 729 2910 stolidusque
756 2824 869 2907 timor,
896 2828 1056 2896 vecordia
1083 2832 1210 2919 turpis!

321 2938 476 3009 Perdidit
500 2955 567 3004 una
590 2934 675 3015 dies,
698 2935 788 3019 qnod
815 2939 865 3000 tot
889 2956 1058 3021 peperere
1084 2940 1219 3007 lalnnes

272 3074 276 3079 ·
322 3050 387 3117 Per
409 3050 465 3115 tot
487 3044 601 3112 saecla
625 3041 746 3121 virinn,
769 3059 833 3127 per
859 3054 908 3109 tot
933 3042 1130 3113 discrimina
1154 3068 1281 3116 rerum.

321 3160 406 3227 llum
429 3157 551 3240 repeto
574 3154 722 3229 noctem,
745 3149 902 3235 quamvis
925 3171 1014 3219 nnnc
1038 3154 1204 3242 septimus
1227 3155 1320 3225 orbis

237 3280 240 3285 ·
321 3266 467 3351 Magnus
490 3262 533 3328 ab
557 3256 692 3326 excidio
717 3256 805 3323 Solis
826 3260 1202 3350 pervolvitur,inqua

321 3358 413 3443 tros
436 3367 577 3455 antiqua
602 3366 672 3433 ruit
696 3368 821 3434 inultos
844 3368 1019 3437 dominata
1042 3392 1105 3458 per
1127 3393 1244 3456 annm,

219 3461 222 3468 ¹
322 3484 430 3561 Quam
454 3479 566 3545 nullus
589 3481 718 3541 castrun
743 3476 891 3543 nondum
920 3476 1109 3547 violaverat
1133 3482 1233 3564 ensis,

322 3592 417 3669 Qua'e
440 3586 652 3672 armipotens
674 3585 819 3669 populos
842 3586 958 3670 plures
982 3587 1111 3656 ditione
1136 3594 1275 3659 tenebat

322 3696 474 3784 Legibus
497 3690 643 3777 integris
667 3694 764 3774 l'nltn,
789 3706 823 3758 et
848 3692 1033 3763 virtutibus
1056 3699 1147 3765 alta:

324 3810 407 3877 Gum
430 3802 521 3871 subit
544 3800 640 3868 istius
663 3800 888 3867 nnnslissima
913 3804 1023 3870 oraclis
1048 3804 1176 3893 imago,

324 3918 486 4000 Quaeque
511 3910 592 3976 viris
615 3909 754 3995 impune
779 3909 874 3976 dedit
900 3917 974 3977 lern
997 3916 1124 3998 grnnlia
1150 3912 1277 4003 prurio,

325 4020 467 4090 Labitur
491 4039 535 4087 en
558 4017 666 4086 oculis
688 4018 873 4104 perstricto
901 4037 1038 4105 perure
1064 4026 1173 4105 durum,

325 4132 437 4217 Atque
461 4128 595 4196 animus
618 4125 811 4193 meminisse
836 4128 966 4211 lun-rel,
990 4133 1150 4216 luctuque
1177 4130 1352 4198 uennseit.

326 4238 473 4323 concipe
500 4248 547 4315 tu,
571 4240 756 4321 llonapars,
781 4249 974 4302 nostrorum
999 4259 1103 4305 lanua
1129 4240 1307 4322 malornm,

327 4344 474 4435 Concipe
498 4346 589 4411 laeta
617 4350 674 4411 tuo
698 4364 819 4411 sarnus
843 4364 930 4411 nunc
955 4346 1085 4431 garnlia
1110 4348 1226 4433 corde,
