3382 5362
634 426 812 490 -79-

200 560 357 627 Laetanti
381 564 520 649 populu,
545 569 580 632 et
603 566 736 650 gelidos
760 571 979 654 magnatibus
1001 570 1153 651 haustus,

199 673 412 758 Mellitasque
437 677 543 760 dapes
566 677 698 760 lychnis
722 679 978 764 splendentibus
1001 681 1081 746 aula

200 785 285 849 Tota
310 782 466 849 imitante
491 782 582 849 diem
608 786 705 870 large
729 789 893 855 struxisse
918 791 1071 874 penates.

199 895 243 958 At
267 892 362 977 prius
385 891 419 957 in
444 896 549 976 puteo
574 891 713 976 (Veneti
736 894 785 962 sic
809 896 945 964 nomine
969 897 1089 963 dicunt

197 999 396 1084 Abjegnum
421 999 558 1086 solium)
582 1001 616 1066 in
642 1003 770 1087 platea,
793 1022 924 1090 perque
949 1004 1040 1070 atria
1063 1001 1195 1069 circum

196 1112 358 1176 Gestatur
382 1107 546 1193 Princeps
559 1131 568 1195 3
593 1107 664 1194 qui,
692 1114 864 1195 tamquam
889 1112 1024 1198 Jupiter
1048 1109 1141 1192 olim,

198 1221 234 1285 ln
260 1221 424 1305 populum
448 1221 588 1286 armatos
612 1218 770 1306 copiosus
793 1220 935 1306 projicit
958 1221 1094 1287 imbres.

197 1331 291 1394 Haec
314 1326 416 1406 ratio,
440 1327 578 1395 titulum
602 1348 671 1414 qua
695 1334 769 1396 Dux
793 1331 935 1398 effertur
959 1330 994 1395 in
1017 1330 1135 1395 altum.

197 1435 284 1511 Quid
308 1439 422 1502 tamen
448 1436 514 1504 ista
533 1435 666 1522 jovatl'
685 1438 811 1524 serpsit
833 1440 931 1505 dolus
954 1441 1030 1504 ater
1054 1435 1087 1500 in
1111 1434 1194 1501 istas

198 1545 370 1629 Ambages
393 1543 514 1612 sortis:
540 1545 644 1612 liceat
667 1565 728 1614 nos
751 1548 867 1615 dicere
893 1565 1033 1614 verum:

197 1658 323 1741 Empta
347 1658 474 1723 Ducem
498 1655 641 1722 Venetis
664 1659 820 1723 statuunt
843 1654 1010 1739 suffragia
1033 1653 1135 1719 rebus

197 1766 345 1831 Rectum
370 1763 484 1829 animo
508 1767 616 1846 certe,
639 1765 699 1831 sed
723 1783 789 1831 non
813 1784 849 1833 se
874 1780 1049 1850 opponere
1068 1760 1211 1825 ‘firmum

197 1876 384 1940 Tantorum
408 1874 543 1957 sceleri,
565 1893 629 1941 nec
653 1873 733 1940 belli
757 1875 802 1941 ad
825 1877 984 1960 tempora
1007 1873 1136 1936 natum.

198 1983 269 2048 Hoc
294 1986 378 2048 Jove
402 1981 484 2066 quin
509 1980 614 2048 etiam
639 1983 786 2049 redeunt
809 1982 1008 2068 spectacula
1035 1973 1150 2043 multis

197 2090 285 2157 Mira
308 2090 437 2158 modis:
462 2091 621 2158 conferre
645 2109 749 2158 canes
773 2091 963 2159 certamina
987 2083 1116 2154 tauris:

197 2199 361 2266 Cornibus
384 2197 417 2264 hi
442 2201 590 2279 certant,
614 2202 749 2265 certant
773 2203 808 2277 et
832 2199 990 2267 dentibus
1013 2192 1082 2261 illi:

197 2306 400 2391 Mugituque
424 2307 539 2388 boum,
562 2311 666 2390 atque
691 2325 814 2374 canum
838 2306 1020 2374 latratibus
1044 2298 1165 2367 aether
1264 2369 1265 2374 ἵ

198 2417 344 2495 Intonat,
368 2418 403 2480 et
426 2414 573 2500 populus
596 2433 724 2498 magna
747 2413 896 2502 stipante
920 2416 1064 2481 caterva

197 2524 285 2589 Ante
309 2526 435 2589 Ducem
461 2540 562 2590 voces
586 2524 793 2609 plaususque
818 2526 862 2590 ad
885 2524 1000 2590 sidera
1023 2514 1139 2584 mittit.

196 2632 321 2698 Postea
343 2630 552 2698 conveniunt
574 2634 748 2718 plateam:
773 2652 794 2698 a
817 2632 907 2699 turri
931 2630 1045 2698 evolat
1062 2627 1139 2717 ‚alta

196 2740 262 2804 Per
286 2739 384 2805 tunes
407 2738 572 2805 demissus
595 2740 709 2822 homo,
732 2740 791 2825 qui
815 2739 969 2808 carmina
992 2720 1135 2822 praebet
1168 2770 1172 2777 ·

197 2845 331 2931 Scripta
355 2846 436 2913 Duci
462 2846 496 2912 in
520 2847 650 2913 chartis
673 2847 824 2914 faustum
849 2843 1060 2914 celebrantia
1083 2842 1228 2907 festum:

197 2952 282 3019 Hinc
307 2954 448 3039 rapidus
471 2974 604 3037 sursum
629 2957 858 3040 deorsumque
883 2960 936 3021 ter
960 2952 1055 3036 itque
1078 2947 1249 3032 reditque.

197 3062 286 3128 Ante
311 3063 397 3128 duas
419 3061 573 3147 pulchris
597 3061 774 3128 extollitur
798 3061 869 3128 alta
892 3062 1068 3127 columnas

196 3168 354 3235 Machina
377 3172 510 3236 structa
534 3168 643 3237 modis
667 3188 784 3236 omnes
808 3167 943 3235 variata
967 3186 1029 3253 per
1054 3181 1180 3230 annos:

84 3280 87 3284 ‘
195 3277 323 3358 Pulvis
345 3295 447 3361 quem
472 3276 598 3344 retinet
622 3276 753 3344 circum
778 3276 810 3342 in
835 3295 871 3343 se
895 3276 1017 3342 charta
1040 3276 1184 3351 retorta,
1225 3325 1228 3330 .

196 3386 351 3468 Vespere
375 3383 522 3450 nitratus
547 3383 720 3451 variantes
744 3383 894 3469 explicat
919 3382 1028 3466 ignes,

195 3491 335 3558 Artibus
360 3495 395 3558 et
418 3490 513 3557 miris
537 3493 654 3559 oculos
677 3491 794 3577 populi
818 3491 926 3559 allicit
949 3507 1077 3557 omnes.

195 3597 293 3679 Hinc,
316 3602 420 3683 atque
448 3597 527 3665 hinc
551 3600 679 3684 duplex
704 3599 820 3664 fictam
844 3614 1051 3683 componere
1076 3611 1228 3679 pugnam

145 3702 148 3707 ’
195 3705 314 3773 Fectio
338 3704 560 3790 conspicitur,
584 3705 708 3773 Veneti
735 3704 854 3772 dixere
879 3707 1079 3770 Morescam.

195 3812 359 3881 Circumit
383 3815 468 3879 haec
492 3814 631 3879 baculos
655 3814 859 3898 pulsansque
883 3811 1090 3896 agitansque
1121 3805 1279 3874 vicissim.
1390 3820 1391 3823 ’

195 3919 315 3987 Exerit
339 3939 409 3987 una
432 3939 510 3987 suas
535 3923 697 4005 expertas
719 3919 825 3986 factio
852 3919 962 3985 vires:
1123 4002 1125 4006 Ι

195 4029 315 4093 Altera
337 4027 503 4108 succedit,
526 4029 665 4112 plausus
689 4031 724 4092 et
747 4028 790 4092 ab
814 4028 890 4107 hac,
914 4030 949 4091 et
972 4027 1015 4091 ab
1039 4024 1097 4090 illa

195 4133 374 4220 Excipitur
399 4133 527 4219 populi,
551 4132 707 4200 reboanti
733 4133 871 4201 vocibus
895 4152 990 4199 aura.

194 4243 290 4307 Stant
314 4239 467 4308 homines
491 4239 595 4307 validi
619 4240 779 4308 distincto
800 4239 875 4324 jam
900 4238 1038 4323 agmine
1062 4241 1193 4326 plures

195 4349 300 4432 lnque
323 4349 483 4415 humeros
507 4352 646 4433 portant
669 4368 776 4435 prope
802 4347 911 4414 laevia
935 4345 1032 4428 ligna
1057 4348 1224 4429 valentes,
