3382 5362
632 396 831 463 -105-

203 543 472 629 Pontiticemque
496 541 603 624 dedit,
625 561 727 627 quem
752 561 841 608 nunc
865 542 940 630 fera
964 542 1100 611 vincula
1116 566 1284 633 pressum,

202 654 245 719 Et
269 652 418 719 retinent
441 650 586 718 truciter
609 652 765 716 Romana
788 667 809 713 a
832 650 913 716 sede
936 655 1130 719 revulsum:

201 760 335 826 Emicat
359 778 439 825 ecoe
460 757 566 842 jubar
590 774 663 822 sese
688 756 898 842 profundere
923 757 1075 825 circum:

200 870 245 935 At
268 886 329 933 sua
353 870 496 933 conatus
519 863 678 949 reprimit
701 863 894 930 constantia
916 866 1040 933 cordis

199 978 346 1059 Tempus
369 976 405 1039 at
429 970 602 1052 adveniet,
625 987 769 1054 magnos
789 968 864 1054 jam
888 972 1044 1040 cursibus
1067 977 1168 1042 orbes

199 1083 253 1151 Sol
277 1078 484 1148 maturabit:
511 1078 608 1144 vivae
632 1096 711 1144 oum
735 1076 836 1164 copia
860 1077 946 1146 lucis

197 1188 355 1274 Vndique
380 1206 415 1254 se
440 1186 585 1251 fundens
607 1201 763 1270 pressum
786 1185 952 1263 solabitur
977 1190 1116 1255 orbem:

195 1296 330 1363 Firmus
355 1299 390 1362 et
413 1293 477 1360 iste
501 1291 600 1378 lapis,
623 1296 745 1359 contra
768 1310 870 1376 quem
894 1312 1025 1362 cornua
1048 1294 1143 1362 dirus

197 1405 372 1491 Napoleon
397 1401 546 1485 franget,
570 1397 645 1466 diro
670 1418 774 1485 super
797 1399 894 1467 hoste
919 1401 1118 1489 triumphet.

194 1515 380 1578 Tartareae
405 1509 533 1575 frustra
557 1506 648 1573 vires
667 1505 742 1591 jam
766 1511 891 1591 stagna
914 1509 1049 1595 paludis

192 1621 405 1705 Exproment
428 1617 592 1682 adversus
617 1633 708 1696 eum,
730 1612 788 1698 qui
813 1616 964 1684 sanctior
988 1637 1106 1685 omnes

192 1727 349 1797 Continet
373 1723 518 1810 egregio
543 1723 702 1807 exemplo
726 1719 760 1787 in
785 1742 863 1790 mea
882 1722 966 1807 jnra
989 1726 1119 1794 fideles.

191 1837 304 1920 Atque
328 1833 397 1901 alia
420 1830 567 1918 aspicias
589 1831 781 1897 clarescere
804 1834 930 1915 sydera
953 1834 1051 1901 luce:

190 1944 336 2027 Magnus
359 1940 566 2023 Alexander,
589 1936 690 2023 cujus
712 1938 950 2006 moderamina
969 1939 1067 2026 justa

191 2049 368 2117 Mollivere
393 2047 547 2133 Scythas,
569 2065 758 2133 perquem
782 2065 848 2115 non
872 2067 997 2134 aspera
1019 2054 1159 2134 gestant

192 2156 347 2244 Amplius
370 2175 432 2224 ora
454 2157 583 2223 Getae:
608 2174 675 2241 quo
700 2174 873 2241 nunquam
893 2155 1022 2242 justior
1045 2162 1137 2240 ante,

188 2267 231 2332 Et
254 2264 385 2352 pietate
410 2263 488 2346 suit,
505 2265 644 2332 'bellove
670 2264 839 2332 valentior
862 2268 962 2333 alter.

187 2373 274 2440 Hinc
297 2371 452 2456 sequitur
475 2370 577 2438 simili
600 2373 780 2458 splendore
803 2373 984 2458 Georgius,
1006 2375 1155 2459 Anghim

186 2479 405 2564 Magnanimo
429 2478 584 2565 placidus
607 2481 747 2565 popum,
769 2480 827 2566 qui
851 2481 1037 2566 praesidet,
1060 2481 1166 2550 hostis

185 2591 339 2672 Cyrnaeo
364 2585 530 2666 assiduus
553 2584 633 2670 quia
657 2587 932 2654 servantissimus
955 2590 1077 2675 aequi:

185 2693 248 2762 Hic
272 2693 468 2760 Fridericus
492 2695 600 2773 adest,
624 2693 682 2778 qui
706 2696 846 2762 tandem
870 2698 973 2763 corde
997 2715 1157 2783 soporem

184 2801 336 2884 Excutit,
358 2805 462 2887 atque
483 2799 610 2886 jugum
635 2805 795 2870 contecta
821 2804 942 2872 fraude
966 2809 1127 2891 paratum

182 2913 329 2978 Amovet
352 2907 553 2994 indignans:
577 2909 759 2996 medioque
783 2910 818 2978 in
842 2912 977 2980 turbine
1003 2912 1080 2981 belli

181 3016 330 3104 Agmina
353 3036 419 3085 non
443 3018 580 3087 dubitat
603 3019 790 3088 victoribus
812 3022 941 3090 addere
965 3023 1074 3090 multa

181 3125 384 3213 Agminibus
409 3126 586 3214 Scythicis
610 3133 646 3196 ot
668 3127 745 3196 telis
768 3131 896 3198 addere
921 3133 1011 3200 tela:

179 3234 398 3304 Franciscum
423 3236 604 3322 splendere
630 3236 719 3318 vide,
741 3237 801 3323 qui
824 3239 975 3306 concitat
998 3239 1079 3321 trac,

179 3344 354 3430 Quemque
378 3343 516 3431 quidem
540 3345 664 3432 puduit
686 3345 820 3431 generi,
842 3366 1079 3434 generumque
1098 3364 1242 3434 perosus

178 3449 350 3536 Belligero
374 3453 513 3521 tandem
538 3454 678 3522 fraudes
701 3453 884 3523 ulciscitur
902 3457 1004 3541 igne:

179 3558 220 3623 ht
244 3577 353 3643 gener
377 3559 484 3628 exitio
507 3563 616 3630 solvet
639 3562 766 3630 delicta
788 3582 960 3652 supremo

177 3665 311 3752 Aspicis
334 3685 421 3734 anne
445 3669 566 3753 globos
589 3670 668 3738 hinc
691 3691 898 3758 percurrere
923 3676 1068 3752 coelum,

177 3772 307 3860 Quique
332 3775 461 3843 micant
484 3780 596 3844 terras
619 3778 803 3849 incendere
831 3785 955 3869 ubique
980 3781 1173 3848 minantes?

177 3881 323 3949 llellicus
347 3886 398 3949 est
421 3883 523 3968 ignis,
546 3887 686 3953 lundam
710 3908 812 3973 quom
836 3890 870 3955 in
894 3896 1039 3977 pectora
1062 3891 1201 3956 tandem

177 3988 316 4053 Summa
341 3990 472 4056 virdm:
497 4011 586 4075 mea,
609 4013 696 4080 pone
721 4000 863 4080 metum,
886 4003 964 4065 mea
988 4003 1080 4079 nata,
1108 3995 1239 4064 videbis

176 4095 360 4188 Imperium
385 4096 561 4166 infandum
584 4119 688 4187 super
711 4102 932 4190 improbitate
956 4109 1118 4185 locatum,

175 4204 297 4268 Pressa
321 4203 401 4272 licet
424 4208 576 4292 trepidet
600 4229 726 4294 magno
750 4216 811 4280 sub
836 4216 989 4299 pondere
1013 4216 1125 4295 tellus,

174 4310 318 4379 Prorsus
340 4312 374 4380 in
399 4313 468 4382 ima
491 4316 594 4401 trahi,
617 4337 736 4385 sarnum
761 4322 855 4388 velut
879 4323 1017 4410 insuper
1045 4323 1154 4391 undis.

1171 4473 1187 4526 8
