3382 5362
934 1596 1060 1662 LIBER
1085 1596 1128 1661 V.

463 1847 560 1919 Dnnr
583 1864 724 1933 operam
748 1845 869 1913 sceleri
894 1845 1045 1913 Patriam
1069 1844 1128 1931 qui
1151 1846 1299 1932 perdere
1323 1847 1467 1923 tentant,

508 1955 620 2048 Atque
643 1954 761 2021 fovent
784 1953 916 2021 animis,
941 1953 1116 2041 Stipendia
1140 1955 1292 2020 Dalmata
1315 1952 1412 2020 miles

507 2062 605 2127 Haud
629 2066 810 2129 numerata
834 2063 936 2129 dolet.
960 2061 1106 2128 Facinus
1129 2062 1332 2128 Valaressus
1354 2059 1389 2126 id
1412 2059 1517 2127 audet

506 2167 666 2237 Proditor
689 2168 870 2255 indignus:
895 2168 1058 2237 stationes
1082 2166 1211 2254 scripta
1234 2188 1296 2256 per
1320 2187 1438 2236 omnes

507 2278 666 2345 Consulto
690 2277 836 2362 Illyricis
859 2296 999 2365 repsere
1023 2275 1188 2343 minantia
1211 2277 1382 2343 damnum.

507 2386 634 2454 Callida
657 2391 764 2456 verba
787 2390 894 2457 refert
918 2387 1066 2476 scriptis,
1089 2389 1181 2473 quod
1204 2407 1326 2474 nempe
1351 2389 1495 2454 Senatus

507 2497 728 2581 Contemptor
751 2495 845 2578 fidei,
867 2501 1069 2581 sacrataque
1090 2493 1173 2580 jura
1196 2514 1358 2562 recusans

506 2606 582 2688 lpse
605 2602 749 2671 daturus
773 2624 842 2686 eos,
864 2607 1046 2691 postquam
1070 2602 1269 2689 spoliaverit
1291 2601 1407 2684 armis

505 2708 738 2794 Francigenis
763 2710 922 2778 Tumidas
945 2715 1027 2778 tunc
1051 2712 1204 2777 Dalmata
1227 2709 1377 2797 concipit
1400 2709 1482 2792 iras,

505 2815 568 2892 Qui
592 2822 730 2884 centum
754 2819 913 2886 conferre
938 2838 1069 2900 manua,
1092 2823 1127 2885 et
1150 2817 1292 2886 brachia
1315 2821 1453 2886 centum

505 2927 542 2990 ln
567 2926 707 2992 caedem
732 2926 918 3010 Gallorum,
937 2926 1034 3012 justa
1057 2930 1092 2993 et
1115 2925 1149 2992 in
1173 2945 1271 2992 arma
1294 2924 1466 3004 micabat;

504 3030 589 3098 Hinc
610 3031 761 3117 jacuisse
785 3033 905 3115 minas,
928 3035 1127 3121 hostemque
1152 3052 1335 3117 assurgere
1359 3034 1488 3117 taedet,

502 3137 669 3223 Mussdat,
693 3144 728 3208 et
752 3140 859 3209 tacita
883 3147 1001 3210 torvus
1024 3144 1297 3210 commurmurat
1320 3140 1394 3209 ira:

502 3245 619 3331 Ignari
643 3250 745 3333 atque
770 3247 839 3316 doli
864 3247 949 3338 (voti
972 3252 1054 3336 apto
1079 3251 1235 3335 tempore
1259 3267 1398 3336 compos

503 3353 663 3424 Proditor
686 3354 751 3424 iste
775 3356 853 3444 fuit)
879 3361 999 3425 Patres
1023 3357 1170 3424 timuere
1195 3358 1389 3425 tumultum.

502 3464 706 3549 Intereaque
732 3463 831 3532 Ducis
854 3467 1001 3534 subeunt
1024 3463 1216 3552 penetralia
1240 3465 1360 3532 inertis

502 3571 614 3639 Mente
641 3570 715 3638 Viri
739 3593 859 3659 prava,
884 3577 918 3641 et
942 3573 1080 3641 famosis
1103 3573 1254 3640 moribus
1277 3573 1356 3656 atri,

501 3678 590 3756 Quos
613 3678 724 3767 turpis
747 3684 922 3768 Bonapars
945 3683 1098 3750 consulto
1123 3680 1263 3749 miserat
1287 3682 1410 3767 isthuc,

500 3783 560 3855 Cui
584 3786 709 3856 crescit
732 3790 902 3857 scelerata
925 3789 1008 3871 sitis,
1032 3792 1249 3876 praedaeque
1273 3791 1409 3877 cupido.

501 3897 570 3965 Hos
593 3895 683 3965 inter
707 3896 849 3984 primus,
873 3901 1023 3966 Venetos
1046 3917 1148 3984 quem
1172 3918 1281 3984 poene
1305 3900 1451 3968 decebat

500 4003 688 4091 Complecti
712 4003 837 4088 studio,
860 4006 975 4073 suerat
998 4005 1151 4073 Gallinus
1174 4005 1330 4092 iniquus:

500 4112 584 4178 Nam
609 4115 724 4198 largas
748 4113 920 4199 congessit
944 4134 1038 4201 opes,
1061 4113 1118 4182 cui
1142 4116 1296 4201 pondera
1320 4120 1493 4184 nummum

498 4217 628 4288 Litibus
651 4220 803 4308 oppressi
830 4222 1010 4288 versabant
1033 4240 1167 4288 summa
1190 4228 1334 4308 patrono

497 4327 629 4413 Eloquii
654 4327 825 4415 pretium:
851 4330 965 4416 Spada
987 4329 1206 4414 argentarius
1229 4332 1330 4415 alter,
