3382 5362
730 388 932 452 -119-

308 536 461 616 Sumant,
485 531 749 620 praesideatque
774 530 887 617 Spada
910 529 995 613 istis,
1018 534 1160 616 Duxque
1184 531 1353 615 lllaninus,

309 644 479 728 Deposito
503 641 598 728 prius
621 641 767 708 ornabat
790 638 881 724 quod
905 643 1074 724 tempora,
1097 637 1200 706 serto.

307 755 350 817 Et
375 750 519 819 Venetis
543 753 645 816 urbes
668 747 789 816 stricto
813 766 849 813 se
873 746 1013 814 foedere
1033 747 1198 833 jungant,

310 859 465 924 Dalmata
488 877 572 943 quas
595 854 739 935 habitat,
762 857 916 936 currctas
939 854 1090 924 Orientis
1114 861 1148 924 et
1172 876 1301 938 omnes,

308 967 467 1050 Quasque
492 983 555 1050 per
578 961 764 1030 Ausoniam
788 961 906 1045 legum
930 961 1155 1029 moderantur
1178 963 1330 1046 habenis

309 1074 402 1138 Haec
426 1090 517 1138 nova·
538 1071 730 1154 gaudentes
753 1066 847 1135 cives
869 1087 959 1134 nunc
983 1068 1098 1136 omina
1120 1074 1267 1139 sumant.

310 1181 422 1264 Atque
446 1177 656 1246 Parisiaoam
681 1178 799 1244 orator
822 1174 974 1242 Gallinus
997 1177 1041 1242 ad
1065 1179 1185 1244 urbem

312 1285 567 1375 compositurus
592 1287 649 1352 eat
670 1284 861 1370 perlongae
885 1282 1027 1350 foedera
1050 1283 1167 1370 pacis:

311 1397 409 1461 Hunc
433 1393 577 1462 Sordina
599 1391 676 1478 pari
700 1392 847 1476 fungens
870 1389 1056 1458 comitetur
1079 1393 1219 1462 honore.

310 1509 423 1594 Atque
449 1508 612 1574 Oratores
635 1505 851 1589 quocumbue
876 1521 920 1570 ex
944 1503 1063 1571 ordine
1088 1505 1168 1572 lecti

307 1616 361 1681 Ad
384 1618 509 1699 Reges
534 1617 572 1680 ut
596 1631 679 1695 mos,
702 1612 855 1678 reserant
878 1609 1027 1696 insignia
1050 1611 1157 1698 pacis,

310 1720 560 1808 decipiantque
584 1717 675 1800 novi,
699 1717 733 1784 in
756 1716 905 1804 patriam
929 1717 1154 1787 redeuntibus
1176 1721 1268 1803 inde,

308 1833 398 1908 Quos
421 1832 522 1898 modo
546 1812 684 1895 misistis
707 1831 822 1894 vestra
845 1828 887 1894 de
911 1832 1016 1912 gente
1041 1831 1190 1913 togatos.

310 1937 366 2004 Bis
389 1940 457 2006 duo
480 1937 573 2004 mille
598 1934 675 2005 Viri
698 1937 814 2003 nostro
838 1935 881 2002 de
905 1933 1014 2002 milite
1039 1941 1189 2005 vestram

309 2045 504 2113 Adueniant
527 2047 679 2113 Vrbem:
704 2043 748 2110 sit
772 2040 821 2110 eis
844 2043 977 2125 navale,
996 2047 1169 2130 ratesque,

310 2157 353 2222 Et
376 2156 458 2221 data
480 2173 637 2240 quaeque
662 2155 783 2219 natans
806 2151 886 2218 hinc
908 2150 1003 2218 illinc
1026 2150 1136 2220 insula
1159 2173 1287 2224 curae:

310 2261 492 2330 Obsidione
516 2259 617 2346 gravi
640 2259 733 2327 cives
756 2260 910 2343 gaudere
933 2261 1072 2328 solutos

309 2372 352 2435 Et
376 2374 538 2437 revocate
562 2371 667 2449 rates,
690 2367 833 2434 classem
858 2369 1005 2452 atquae
1030 2368 1106 2435 fusa
1128 2389 1192 2456 per
1216 2372 1325 2441 undas

311 2475 469 2563 Vndique
494 2475 648 2544 defendit
672 2492 759 2540 vano
784 2472 952 2541 tutamine
977 2479 1129 2544 vosmet:

310 2583 564 2669 Nobilibusque‚
586 2582 710 2668 quibus
733 2578 900 2647 ditissima
922 2581 1067 2668 praedia
1089 2585 1224 2665 desunt,

311 2691 401 2766 Quos
424 2692 599 2777 premeret
623 2691 717 2756 certe
741 2686 884 2754 miseros
907 2686 1048 2755 immitis
1071 2695 1220 2775 egestas,

310 2801 392 2866 Cum
413 2797 495 2883 jure
520 2796 635 2865 exciso
659 2798 824 2880 regerent
847 2814 915 2862 non
938 2796 1085 2883 amplius
1108 2801 1221 2884 urbes,

310 2909 361 2972 Ex
384 2904 483 2990 queis
505 2908 685 2992 praetores
708 2902 872 2988 opulenta
896 2901 1025 2970 tributa
1049 2906 1242 2992 trahebant,
1344 2930 1348 2935 ·

309 3014 453 3099 Delapso
477 3010 635 3099 imperi0,
659 3027 814 3077 nummos
836 3011 1003 3096 praebete
1027 3031 1090 3098 per
1113 3031 1231 3097 annos

309 3125 423 3189 Donec
445 3108 603 3209 privatae
627 3119 847 3205 complebunt
871 3121 1030 3206 tempora
1053 3119 1157 3189 vitae.

311 3231 354 3297 Et
379 3232 479 3311 bona,
501 3247 590 3315 qnae
614 3229 744 3312 cogunt
767 3220 905 3294 aeraria
927 3226 1077 3314 publica,
1101 3228 1230 3298 victum

310 3337 496 3420 Nobilibus
519 3357 580 3407 seu
602 3336 744 3404 inducta
768 3353 890 3403 recens
911 3353 986 3403 sors
1010 3336 1148 3422 publica
1171 3339 1286 3408 donet.

314 3444 449 3513 Civibus
473 3464 585 3531 aequa
607 3445 692 3511 fides
714 3461 851 3529 quoqne
874 3442 992 3510 debita
1015 3443 1159 3513 foenora
1182 3449 1303 3517 solvat.

314 3555 476 3620 Attamen
500 3553 660 3640 exquiret
682 3555 869 3638 Bonapars,
891 3570 980 3636 quae
1005 3555 1185 3623 commoda
1201 3559 1348 3642 tangant

311 3660 556 3746 Francigenas,
579 3659 699 3728 melius
720 3660 787 3726 hac
811 3660 854 3726 de
877 3678 916 3726 re
940 3663 1096 3729 consulet
1118 3661 1202 3750 ipse.

312 3767 346 3835 Si
371 3785 431 3836 vos
453 3767 586 3855 pacatis
610 3766 732 3835 animis
755 3785 896 3834 censere
920 3767 1052 3854 paratis

311 3875 465 3942 Foedere
486 3874 594 3961 justa,
618 3873 701 3941 nihil
725 3877 841 3941 vestra
863 3895 927 3961 pro
951 3879 1051 3962 parte
1076 3876 1287 3949 timendum:

311 3986 418 4050 Immo
442 4002 505 4069 per
528 3984 767 4068 quodcumque
791 4000 939 4064 sacrum,
961 4003 1025 4071 per
1049 3985 1194 4055 Numina
1218 3990 1337 4070 testor,

312 4092 381 4156 Nec
405 4090 518 4175 fingor
542 4109 661 4172 vanus
684 4109 748 4177 per
770 4089 908 4158 conscia
932 4091 1079 4158 Numina
1103 4093 1188 4176 veri,

312 4196 596 4281 lnduperatorem
618 4193 654 4262 in
678 4196 765 4262 tales
787 4196 962 4262 adducere
986 4200 1116 4282 partes,

312 4305 360 4372 Vt
382 4322 445 4370 sua
468 4302 610 4374 consilia
632 4304 666 4371 in
689 4303 812 4372 melius
835 4303 977 4385 referat,
1000 4304 1185 4395 foveatque
