3382 5362
769 1577 896 1642 LIBER
922 1579 980 1644 Vl.

309 1824 444 1890 TnNmr
467 1825 511 1891 all
534 1825 701 1895 Adriaees
724 1829 891 1913 squallens
914 1831 1049 1898 Aurora
1072 1832 1226 1898 labantes

354 1932 426 2000 Non
451 1933 556 2001 radiis
580 1934 739 2002 redimita
763 1955 895 2003 comam
921 1936 1131 2022 fulgentibus
1154 1939 1278 2020 albam,

353 2045 423 2112 Nec
447 2066 608 2115 croceum
633 2049 757 2116 vestita
780 2049 882 2133 diem,
906 2069 970 2118 nee
993 2053 1149 2117 flanimea
1172 2052 1324 2118 vultum:

352 2151 473 2220 Livirla
496 2158 563 2222 stat
587 2159 693 2238 luctu,
716 2158 881 2244 tetrisque
904 2179 1041 2247 aspersa
1067 2157 1227 2226 tenebris,

352 2264 494 2348 Jamque
519 2263 609 2330 diem
634 2265 741 2349 nebia,
765 2265 798 2332 in
822 2267 986 2335 tutorum
1012 2267 1131 2335 ordine
1154 2267 1276 2350 selum,

352 2370 480 2457 Nempe
505 2372 638 2439 ferebat
662 2376 758 2458 equis
783 2375 911 2461 rapidis
934 2375 1042 2442 invita
1065 2392 1274 2461 supremum.

351 2481 497 2560 Interea,
520 2480 600 2546 dum
626 2486 751 2549 cuncta
774 2482 884 2567 silent,
909 2488 1012 2568 atque
1036 2482 1108 2570 ipse
1132 2482 1271 2549 colenus

351 2589 387 2650 ln
411 2586 536 2673 plumis
559 2589 744 2674 tranquilla
767 2591 960 2658 foventibus
984 2590 1054 2658 etia
1078 2592 1204 2656 ‹lueens

348 2695 533 2762 Hesternes
557 2700 691 2763 recreat
716 2697 807 2765 dulei
832 2717 909 2765 eum
935 2718 1042 2766 unere
1067 2700 1221 2781 lateres3

348 2802 447 2869 Nulla
470 2804 693 2890 Benaepartis
718 2804 898 2890 vigilantia
922 2807 1028 2873 cerda
1051 2803 1194 2871 minaeis

347 2911 499 2978 Abduxit
523 2912 670 2997 requies,
694 2916 810 2982 oeulos
834 2935 896 2982 nee
920 2934 1057 2982 sumnus
1080 2913 1271 2982 obumbrat.

348 3020 431 3084 Dum
456 3022 548 3087 celer
572 3019 650 3087 hine
675 3025 778 3106 atque
802 3022 881 3089 hine
906 3024 1007 3107 lenge
1031 3042 1094 3108 per
1117 3020 1220 3086 litera
1244 3017 1356 3085 currit

347 3129 474 3194 Ductus
496 3147 584 3213 eque
608 3129 747 3215 alipedi,
771 3135 874 3216 atque
899 3130 981 3197 viris
1004 3132 1167 3197 niarrdata
1189 3130 1368 3194 recenset:

348 3235 435 3301 Ecce
460 3234 552 3303 vires
575 3240 692 3303 nestra
716 3237 808 3305 misit
832 3239 1031 3306 Viletardus
1054 3239 1097 3305 ab
1121 3239 1228 3303 urbe:

347 3342 552 3429 lmprebitas
575 3343 686 3411 socies
705 3344 915 3431 jampridem
939 3346 1136 3425 strinxerat,
1160 3346 1263 3426 atque

347 3451 502 3534 Cyrnaee
527 3470 643 3521 eoram
668 3455 836 3521 scelerate
861 3453 981 3521 sistere
1006 3457 1157 3521 evantes.

347 3557 600 3644 Impatiensque
624 3578 742 3627 merae
767 3564 961 3647 Benapars:
987 3564 1054 3629 lies
1077 3546 1249 3646 quomode
1271 3555 1374 3623 cessit

346 3664 495 3747 Credita,
519 3665 595 3733 aitl
619 3686 788 3752 quaenam
813 3672 864 3734 est
888 3671 920 3734 V
922 3671 1057 3735 enetrim
1081 3664 1252 3734 sententia
1268 3663 1434 3730 Petrum?

346 3769 384 3836 Di
408 3771 531 3855 faxint,
554 3772 659 3840 celeri
686 3776 723 3840 ut
746 3794 867 3858 gressu
893 3795 970 3842 mea
994 3780 1134 3842 caetera
1157 3775 1320 3860 pergunt,

347 3875 402 3944 Sic
425 3879 508 3946 data
531 3881 572 3944 de
598 3880 739 3947 Venetis
763 3880 844 3947 mihi
868 3881 916 3949 sic
943 3881 1087 3949 victoria
1112 3884 1212 3949 velex

347 3985 519 4071 Auspiciis
542 3991 731 4055 monstrata
757 3988 871 4056 bortis:
897 3989 1095 4074 aquilasque
1120 3993 1276 4076 peterites

350 4091 509 4158 Cominus
533 4092 564 4158 in
590 4095 742 4163 Venetos
765 4098 837 4162 alas
861 4097 1047 4162 extendere
1072 4096 1214 4183 opimos,

351 4198 462 4284 mque
487 4203 632 4287 tropaea
655 4202 771 4269 datum
797 4200 1072 4270 nestrisneda1·e
1096 4204 1266 4291 trepaeis!

348 4304 409 4371 His
432 4309 554 4373 eontra
578 4309 696 4393 turpes
719 4305 831 4376 exorsi
858 4308 941 4375 talia
964 4308 1050 4374 l'ari:
