3382 5362
728 415 930 481 -114—

307 561 359 626 Ad
384 559 549 645 praedam
574 556 677 626 rediit
701 556 834 643 majore
859 557 1019 645 cupidine
1044 578 1217 645 rumpens.

308 668 335 735 O
359 666 485 753 patria,
508 686 528 734 o
553 665 662 748 Cives,
686 665 760 732 fuso
784 685 870 749 gens
893 665 1059 751 sanguine
1084 670 1166 733 nata

307 774 394 851 Quid
419 774 515 843 vobis
538 793 679 861 sperare
703 773 824 841 dabit?
848 775 967 840 delusa
990 773 1072 860 quid
1096 776 1188 841 ultra

306 880 451 949 Pellitur
476 880 549 968 ipsa
574 882 683 947 fides?
707 879 804 948 nobis
827 881 907 946 dum
928 880 1028 966 jurat
1052 885 1172 967 aperte

308 988 371 1056 Hic
395 991 496 1056 modo
520 988 702 1075 pacificum
728 986 819 1053 mitis
842 989 1032 1054 concedere
1057 992 1203 1074 tempus,

308 1096 482 1164 Seditionc
506 1114 593 1163 nova
619 1094 768 1179 reliquas
792 1113 857 1160 non
883 1098 1029 1180 tangere
1054 1100 1089 1162 et
1117 1099 1241 1183 urbes3

310 1204 467 1271 Vidimus
490 1203 615 1269 invitas
638 1202 763 1271 nostris
787 1206 948 1269 avertero
971 1201 1089 1287 regnis

308 1309 514 1398 Conspicuas
537 1312 650 1377 urbes.
674 1312 749 1375 Heu
773 1328 862 1394 quae
888 1309 1050 1376 vecordia
1073 1309 1207 1396 coepit!

308 1416 445 1485 Erroris
467 1415 609 1502 pigeat:
634 1416 791 1501 quamvis
815 1435 904 1484 nunc
927 1434 1005 1482 sera
1027 1421 1195 1502 parentur

309 1527 416 1592 Arma
439 1522 591 1610 virique3
617 1529 731 1591 tamen
756 1523 859 1590 liceat
882 1542 1022 1610 sperare
1047 1525 1203 1591 salutem.

309 1631 438 1701 Sumite
462 1636 498 1698 et
523 1651 621 1699 arma
643 1629 723 1698 citi.
749 1630 777 1696 si
802 1631 875 1697 t'ata
901 1631 1035 1698 tenacia
1058 1629 1187 1719 scripto

309 1739 478 1809 indomito
503 1743 646 1807 vetuere
670 1738 728 1804 diu
752 1738 937 1806 subsistere
961 1746 1115 1806 nostrum

310 1848 508 1936 Imperium,
532 1865 552 1914 o
575 1845 724 1934 primum
749 1845 914 1934 impavidi
937 1845 971 1912 in
995 1846 1110 1914 media
1125 1865 1224 1913 arma
1239 1866 1391 1930 ruamus

309 1960 353 2024 Et
376 1958 510 2037 navale,
533 1959 694 2042 ratesque
719 1954 799 2040 igne
824 1959 859 2023 et
882 1955 1044 2041 ferroque
1069 1961 1256 2023 susurrent.

311 2068 469 2133 Essemus
493 2061 609 2129 miseri
632 2062 705 2129 sine
729 2062 884 2145 crimine,
907 2081 1030 2148 sorque
1054 2065 1187 2150 pudore

311 2172 526 2259 deploranda
550 2170 641 2236 foret
665 2171 769 2251 nullo,
792 2172 935 2238 defleret
959 2174 994 2238 et
1018 2175 1115 2237 aetas

309 2279 414 2347 Justis
437 2280 611 2346 fortunam
634 2278 797 2363 lacrymis
821 2283 967 2345 ventura
991 2279 1185 2346 nefandam.

311 2386 463 2470 Dixerat,
486 2392 521 2454 et
546 2388 693 2453 tremulo
717 2390 918 2470 surgentem
943 2405 962 2452 e
985 2389 1128 2472 pectore
1152 2387 1269 2453 fletum

311 2496 410 2562 Haud
434 2496 552 2562 oculus
576 2493 736 2561 cohibere
760 2497 895 2580 potest:
920 2492 969 2561 sic
993 2495 1098 2562 corda
1122 2496 1283 2580 potenter

311 2602 366 2670 Sic
389 2601 543 2670 animosa
567 2603 664 2669 dolor
689 2606 846 2686 torquet:
872 2603 970 2669 dolor
994 2601 1108 2668 omnia
1134 2599 1249 2668 vincit.

313 2711 377 2777 Sed
402 2708 525 2790 surdis
548 2709 656 2775 eheu!
684 2726 786 2774 voces
809 2707 905 2775 dedit
928 2708 1068 2774 auritus
1091 2707 1161 2790 ille,

311 2817 491 2885 Praescius
515 2821 551 2883 et
574 2817 744 2899 lacrymas
767 2814 862 2881 duris
886 2815 1040 2901 profudit
1064 2816 1191 2882 inanes

311 2928 380 2993 Hos
403 2924 561 3010 equidem
586 2925 707 2990 dentes
730 2923 842 2989 dicam
866 2923 1025 3008 genuisse
1050 2922 1219 3002 draconis

310 3033 388 3114 Vel,
410 3033 501 3117 quod
526 3031 709 3098 Deucalion
734 3030 833 3110 sevit,
857 3032 899 3098 de
929 3050 1099 3098 inarmore
1124 3034 1258 3118 cretos3

310 3142 394 3206 Nam
419 3141 627 3206 documenta
650 3138 779 3220 ierunt,
802 3157 869 3223 qno
893 3138 961 3205 sint
985 3140 1028 3205 de
1052 3137 1181 3206 semine
1205 3138 1288 3206 nati.

309 3245 443 3313 Pallida
466 3265 535 3314 nox
559 3245 703 3314 tacitum
728 3248 896 3330 vergebat
920 3245 953 3311 in
978 3265 1130 3331 aequora
1154 3265 1305 3333 crurum,

311 3353 462 3421 Tramite
487 3351 681 3438 subjectum
706 3357 803 3420 recto
829 3353 951 3420 Titana
973 3354 1181 3439 relinquens,

312 3460 375 3537 Qui
400 3465 482 3528 tunc
506 3461 696 3548 Antipodas
720 3461 854 3528 meliori
878 3462 1005 3528 lumine
1029 3482 1207 3548 spargens,

311 3570 386 3635 Heu
411 3567 545 3636 miseris
568 3570 682 3635 lumen
707 3570 821 3637 suerat
844 3587 925 3635 mox
950 3569 1047 3636 triste
1072 3570 1234 3636 daturus!

312 3678 401 3742 Ecce
426 3675 625 3761 supervenit
652 3676 822 3756 Patribus
846 3676 905 3761 qui
930 3674 1013 3742 talia
1036 3675 1155 3743 inanes

312 3783 454 3850 Alterno
478 3801 635 3851 sermone
661 3785 856 3868 loquuntur,
881 3783 1027 3869 epistola
1050 3783 1142 3851 curis

312 3891 418 3957 Plena
441 3889 549 3958 novis,
573 3891 730 3957 lladidus
753 3893 890 3974 sudore,
914 3891 1115 3959 rubentibus
1139 3875 1201 3960 ora

312 3998 474 4065 Perfusus
498 3998 653 4080 flammis,
678 3998 810 4066 inhians
833 4000 921 4066 hanc
946 3999 1088 4066 nuncius
1104 4003 1215 4068 atlcrt.

312 4105 454 4172 Miserat
477 4105 566 4172 hanc
591 4105 852 4173 Condulmerius
875 4106 1038 4191 dignatus
1061 4107 1190 4175 honore

312 4214 412 4279 Haud
436 4210 569 4297 Equitis
594 4212 730 4295 merito,
753 4219 856 4298 atque
880 4212 1038 4298 ingratus
1061 4215 1218 4302 proditor
1243 4216 1355 4284 Vrbis.

313 4317 376 4385 Hic
399 4322 564 4406 praeerat
587 4318 698 4400 classi,
721 4320 836 4387 suerat
859 4341 948 4405 quac
972 4322 1047 4388 susa
1071 4342 1133 4407 per
1157 4343 1294 4390 onmem
