3382 5362
676 447 852 512 ..43-

245 592 344 658 Haud
368 589 553 657 dubitans?
577 588 654 656 ideo
680 588 783 657 liceat
805 609 948 675 sperare
972 593 1131 658 salutem.

246 697 385 786 Imperii
409 699 510 783 colpa
532 697 624 764 haud
648 701 700 763 est
724 699 931 766 excusabilis
955 720 1129 786 unquam:

244 806 389 873 Mittites
413 803 573 871 militias:
599 805 702 870 urbes
726 806 936 875 tutaminor:
963 828 1063 875 omne

247 917 339 980 Tune
365 914 456 980 foret
480 911 659 994 auxilium,
683 931 780 979 mora
803 913 831 979 si
855 913 1062 997 intercedat,
1086 914 1254 1001 ineptum.

245 1021 300 1089 Sic
324 1038 460 1106 quoque
484 1017 663 1102 languenti
687 1038 765 1086 sero
790 1022 964 1090 medicina
988 1025 1144 1109 paratur,

245 1132 328 1196 Cum
352 1126 500 1215 primum
525 1129 722 1193 morborum
748 1128 892 1196 exordia
917 1130 1076 1215 negligat
1100 1149 1219 1215 aeger.

248 1236 303 1304 Sic
327 1235 432 1304 etiam
456 1234 590 1300 nivibus
615 1238 758 1319 turgens
781 1237 1005 1306 retinentibus
1029 1237 1149 1320 amnis,

246 1343 287 1411 Ni
310 1343 380 1412 cito
404 1342 552 1428 fragosis
576 1341 675 1409 undis
698 1345 877 1411 obstacula
899 1364 1019 1431 ponae,

246 1451 429 1520 Terrificus
451 1449 574 1517 sternit
598 1447 708 1535 ruptis
731 1450 800 1517 late
825 1451 941 1520 omnia
964 1452 1059 1539 ripis

245 1560 301 1629 Sin
325 1562 428 1628 datur
453 1565 488 1627 et
514 1558 624 1640 venia,
649 1563 687 1627 ut
711 1563 887 1648 Bonapars
911 1581 1002 1630 nuno
1026 1566 1175 1650 occupet
1199 1565 1303 1631 urbes

247 1666 387 1737 Viribus
411 1667 484 1755 ipse
507 1666 577 1734 suis
600 1666 689 1754 (quis
712 1686 778 1736 non
803 1669 984 1738 mendacia
1007 1669 1103 1738 novit

248 1775 457 1862 Insidiasque
481 1775 594 1862 Ducis)
619 1774 774 1860 quisnam
799 1776 989 1845 tutissimus
1012 1778 1087 1860 ibit,

207 1918 210 1923 ·
245 1887 294 1954 Ne
318 1884 404 1953 levis
427 1885 562 1952 effictae
587 1885 742 1953 consulto
767 1904 872 1953 causa
895 1889 1059 1971 querelae

246 1993 334 2062 Huic
357 1991 440 2061 satis
464 2011 538 2060 esse
560 1995 678 2077 queat,
701 1993 855 2080 potiatur
881 1998 919 2062 ut
943 1994 1085 2063 urbibus
1108 1993 1278 2062 horrens?

247 2106 318 2171 Vos
341 2119 476 2189 quoque
502 2104 718 2169 commoneat
741 2087 865 2169 cautae
891 2101 1072 2188 vigilantia
1095 2102 1231 2185 mentis,

246 2211 342 2288 Quod
365 2210 486 2277 saltem
511 2209 655 2295 populos
679 2211 831 2276 effraena
854 2210 994 2278 licentia
1018 2211 1144 2297 ubique

245 2317 363 2386 Militis
386 2317 550 2384 innocuos
573 2317 734 2397 offendet,
754 2315 906 2403 juraque
932 2323 1074 2386 temnet.

247 2428 340 2493 Tunc
364 2424 471 2510 igitur
496 2422 608 2491 dubiis
631 2425 712 2489 dum
737 2443 843 2508 mena,
866 2425 954 2493 heu!
981 2427 1137 2509 fluctuat,
1161 2444 1249 2492 anne

246 2534 395 2600 Cernere
419 2530 575 2616 dejectos
598 2521 712 2596 animo
737 2530 912 2616 patiemur
936 2531 1077 2618 iniquo‘

247 2639 440 2707 Immeritos
463 2640 619 2725 populea,
642 2639 824 2724 patriaque
849 2659 869 2706 a
892 2643 973 2707 sede
999 2642 1153 2707 revulsos

246 2747 417 2835 Captivos,
440 2747 539 2814 oculo
563 2750 754 2832 spectante,
779 2748 875 2834 rapi.-
902 2753 1005 2835 atque
1030 2750 1200 2815 malorum

246 2859 416 2924 Auctores
439 2857 571 2922 nosmet
594 2853 729 2941 probris
753 2853 903 2940 dirisque
929 2855 1073 2924 voverit

247 2967 274 3034 Ο
297 2966 431 3050 Patrae,
454 2960 588 3050 aperite
613 2964 741 3044 oculos
764 2961 910 3031 insistite
934 2962 1069 3048 magnis

246 3069 401 3158 Majorus
426 3067 603 3157 exemplis,
626 3074 662 3138 et
685 3068 753 3136 sint
777 3071 863 3138 bene
888 3069 1027 3139 condita
1050 3072 1166 3139 corde.

246 3184 358 3267 Atque
382 3176 522 3265 quidem
546 3176 668 3266 proavi
693 3178 912 3246 vehementia
935 3178 969 3246 in
993 3198 1092 3246 arma
1115 3183 1274 3263 ruerunt,

247 3290 329 3356 Cum
353 3306 462 3374 parva
486 3287 649 3354 Afrorum
674 3290 726 3352 est
749 3286 865 3353 furata
889 3305 952 3373 per
976 3289 1129 3371 aequora
1154 3305 1287 3354 merces

246 3396 360 3463 Turba
383 3396 487 3462 leves.
514 3396 584 3462 Vos
608 3397 660 3461 tot
684 3392 819 3480 populis
844 3399 879 3461 et
901 3393 1035 3461 civibus
1058 3397 1148 3477 atra,

247 3500 349 3578 Queis
372 3503 461 3571 bona
484 3500 651 3589 diripiunt
675 3500 762 3568 Galli
786 3500 969 3569 formidine
997 3501 1134 3587 pressis,

247 3609 400 3688 Quonam
424 3609 537 3677 animo
562 3611 700 3678 tandem
726 3628 814 3676 nunc
838 3609 1008 3697 temporis
1032 3628 1105 3677 esse
1131 3607 1273 3677 licebitl

248 3718 292 3786 Hi
315 3717 513 3786 libertatem
538 3718 644 3785 fortes
669 3737 732 3803 per
756 3720 895 3786 saecula
918 3718 1015 3786 nobis

240 3828 438 3908 ‚Servarunt
463 3844 593 3906 veram,
616 3829 668 3892 tot
692 3826 781 3892 bella
805 3831 840 3892 et
864 3828 987 3893 t'unera
1011 3824 1111 3911 passi.

250 3936 321 4002 Vos
344 3932 450 4000 etiam
476 3932 582 3999 vitam
606 3936 763 4018 ereptam
786 3933 956 4018 spernetis
979 3932 1109 4014 inance,

249 4043 292 4107 Et
316 4039 465 4127 patriam
490 4038 644 4105 manilius
668 4040 831 4107 laniatam
856 4060 1000 4108 cernere
1024 4039 1108 4106 diris

249 4150 346 4215 Nunc
369 4146 452 4215 sicci
475 4151 639 4233 poterunt
662 4146 779 4214 oculi?
802 4148 884 4233 quid
909 4147 1040 4234 proluit
1064 4149 1180 4228 ardor,

251 4257 465 4341 Bragadene,
489 4260 579 4337 tuus,
603 4254 737 4321 divulsa
761 4259 796 4322 et
821 4259 964 4340 tergora
987 4254 1117 4322 castis?

252 4364 351 4450 Quid,
376 4363 553 4449 Flangine,
573 4361 677 4449 juvat
700 4363 814 4450 patrio
838 4382 901 4450 pro
926 4362 1062 4431 nomine
1087 4363 1216 4429 laesum
