3382 5362
751 397 879 466 ——lssl
904 434 952 477 ,—

334 542 485 626 Dixerat,
510 548 545 613 et
569 543 779 611 discessurus
802 543 951 628 vestigia
975 547 1090 617 vertit.

332 657 476 737 Jamque
501 651 591 718 viam
616 651 780 737 egregius
803 656 963 737 coeptam
987 640 1209 742 properabat,
1232 665 1336 732 amici

332 758 506 826 Obsistunt
530 759 702 845 precibus,
725 757 857 825 circum
880 758 1030 845 stipante
1054 783 1183 833 corona
1196 790 1205 854 3

331 868 395 934 Sed
420 859 621 935 removebat
645 885 713 933 eos
738 869 831 932 Tunc
855 868 936 933 flens
959 888 1095 957 quoque
1120 871 1263 944 Sandius
1282 878 1413 967 inquit:

331 977 379 1044 Ne
404 975 529 1060 fugias,
552 974 706 1057 Pisaure,
728 992 870 1060 precor:
895 975 1022 1044 fiducia
1045 998 1197 1065 prorsus

330 1087 375 1150 Te
400 1082 568 1168 fugiente,
591 1082 704 1166 fugit:
729 1080 864 1169 patriae
888 1081 1065 1152 fulcimina
1089 1089 1221 1159 desunt.

329 1195 373 1259 Te
397 1188 531 1278 patriae
555 1184 899 1275 serva:'jnstumque
924 1190 1047 1276 virum,
1071 1200 1174 1282 atque
1199 1205 1356 1271 tenacem

327 1295 499 1389 Propositi
523 1299 653 1367 furiosa
676 1302 815 1366 movent
838 1318 905 1366 non
929 1318 991 1368 ora
1015 1306 1164 1389 tyranni,

327 1411 517 1495 Numquam
542 1405 668 1474 civium
693 1408 729 1474 et
752 1407 856 1474 ardor
879 1407 954 1492 agit
979 1429 1104 1480 vesana
1123 1413 1331 1500 jubentum:

326 1511 540 1605 lmpavidum
565 1518 600 1582 et
623 1513 737 1596 feriet,
760 1515 891 1582 fractus
914 1514 943 1583 si
966 1518 1105 1604 labitur,
1128 1525 1231 1592 orbis

324 1624 529 1712 composuit
546 1622 659 1690 verbis
683 1621 808 1689 lenitus
832 1622 957 1690 talibus
981 1644 1044 1692 ora

324 1733 497 1814 Pisaurus,
521 1733 687 1798 saltemve
711 1729 813 1796 fldem
837 1733 1077 1816 praesentibus
1100 1739 1206 1808 addit.
1290 1722 1292 1733 ’

324 1844 507 1928 Temperat
531 1859 552 1905 a
576 1836 737 1922 lacrymis
758 1857 859 1905 nares
882 1843 986 1925 atque
1011 1842 1084 1930 ipse
1109 1849 1272 1917 rubentes

323 1950 469 2016 Pulvere
494 1943 628 2012 Nicosio
651 1962 814 2011 recreans
835 1947 996 2015 subsellia
1019 1971 1137 2019 rursus

321 2055 465 2124 Deflenti
490 2055 630 2121 volvens
653 2052 767 2120 animo
791 2054 953 2138 lugubria
976 2060 1099 2145 replet.

208 2214 211 2221 .
321 2166 382 2230 Ast
405 2163 532 2249 iterum
556 2160 676 2228 rabido
701 2159 843 2228 Pisanus
866 2165 1019 2249 perfidus
1043 2186 1115 2251 ore,

321 2271 472 2339 Nubibus
495 2270 678 2340 obductam
702 2268 851 2355 primum
876 2270 1026 2340 retinere
1049 2276 1203 2345 revisens

323 2379 504 2448 Consilium
528 2378 689 2458 frontem,
713 2381 875 2462 tanquam
899 2399 1093 2467 supponere
1117 2392 1238 2453 averet
1350 2474 1353 2480 .

322 2489 531 2554 Prudentem
555 2485 679 2565 civem,
702 2484 774 2551 fato
797 2493 1019 2572 properante,
1042 2491 1186 2562 ruinae:

318 2598 555 2678 Praesagusve
578 2592 682 2672 l'oret,
705 2591 845 2675 fugeret
867 2593 896 2659 si
920 2593 1005 2662 civis
1028 2598 1199 2682 honestus,

317 2704 413 2779 Quod
437 2702 591 2767 traheret
615 2698 763 2784 reliquos
786 2705 983 2787 sumpturos
1007 2708 1163 2792 tempore
1188 2711 1302 2777 forsan

316 2813 438 2895 Regna
462 2810 607 2894 abrepta
630 2806 693 2874 sibi
716 2825 864 2889 rursum,
888 2808 1126 2881 uloissentibus
1148 2817 1280 2902 AngliS,

315 2920 405 2995 Quos
428 2918 534 2984 durus
558 2913 655 2982 novit
677 2932 846 2999 generoso
869 2919 994 2986 robore
1019 2922 1149 3010 olar0s3

315 3029 448 3094 Vanam
474 3041 582 3112 spem,
605 3019 704 3103 dixit,
728 3040 863 3106 vanam,
885 3042 949 3111 per
973 3026 1119 3097 Numina
1143 3034 1262 3118 testor,

313 3132 470 3221 Concipis
494 3129 634 3217 effugii:
659 3127 780 3197 melius
803 3130 969 3200 desistere
993 3142 1129 3224 coepto.
1202 3221 1205 3227 ⁴

313 3243 406 3328 Ergo
430 3240 515 3309 civis
538 3239 616 3321 erit,
640 3239 733 3306 nulla
756 3239 951 3325 formidine,
974 3243 1107 3318 honesti

313 3353 442 3419 Pacata
465 3353 598 3417 tantum
622 3349 707 3414 urbe
732 3346 812 3428 frui,
836 3350 871 3414 et
893 3351 1096 3435 praedulcia
1118 3355 1215 3443 pacis

312 3457 472 3527 Praemia
495 3456 600 3525 corde
623 3453 721 3540 sequi
744 3455 861 3523 laeto?
885 3457 1058 3542 fugiemus
1081 3467 1125 3531 ab
1149 3469 1246 3551 urbe,

312 3569 394 3634 Cum
419 3568 558 3633 turbent
581 3563 713 3632 circum
736 3562 803 3630 diri
826 3566 918 3632 mala
940 3567 1071 3636 semina
1094 3573 1201 3640 benit

312 3673 374 3742 Hic
398 3672 538 3761 pietatis
561 3672 692 3740 honosl
715 3670 874 3756 ingratus
897 3676 1054 3760 proditor
1079 3681 1184 3765 urbis,

313 3781 387 3858 out
401 3782 537 3866 fugiens
560 3782 767 3867 dedignatur
790 3785 1000 3869 profundere
1025 3789 1124 3855 fletus

312 3889 458 3957 Afflictis
481 3909 586 3977 supra
609 3892 742 3960 cineres
766 3911 844 3959 cum
868 3893 1023 3962 civibus:
1049 3916 1137 3965 anne

313 3998 398 4064 Fata
421 3997 503 4066 licet
527 3999 672 4066 dominis
696 3999 856 4067 miseram
880 4003 1029 4088 patriam
1055 4006 1207 4075 hostibus
1231 4008 1370 4092 addant,

311 4108 407 4173 Anne
431 4107 522 4173 lares
545 4111 703 4193 pereunt,
727 4109 930 4196 patriaeque
955 4113 1171 4199 extinguitur
1195 4118 1326 4185 ardor?

311 4212 374 4280 Hic
398 4233 465 4299 ego
489 4218 663 4283 consultus
687 4217 819 4299 melius,
842 4219 902 4304 qui
925 4221 1016 4289 serre
1031 4226 1187 4291 salutem

307 4320 460 4389 Consiliis
480 4322 633 4411 aliquam
657 4331 784 4411 posset,
808 4328 977 4395 decedere
1003 4333 1095 4401 nullo
