3382 5362
599 502 602 509 Ι
641 456 685 468 -
708 419 751 485 33
774 457 818 468 -

211 560 368 628 Constitit
392 561 425 627 in
450 561 581 647 primis
604 563 663 630 ubi
686 564 824 632 strictos
847 564 992 633 nexibus
1015 567 1115 632 orbes

211 671 406 754 Torquebat
429 690 570 758 serpens
593 672 738 740 hominis
761 693 823 759 per
847 692 984 760 corpus
1008 678 1043 740 et
1066 691 1166 740 omne

208 779 370 845 Dorsum:
396 780 556 866 pulsabat
578 781 721 866 gravior
744 782 950 868 praecordia
974 783 1085 848 canda

209 885 337 954 lctibus
360 886 525 956 assiduis:
551 889 680 958 sonitus
704 892 865 976 pulmone
889 893 1056 959 dabatur:

158 1046 160 1050 ,
208 993 343 1079 Lingua
366 995 510 1063 trisulca
533 1002 639 1085 caput
662 1000 799 1066 foedum
825 1006 935 1082 vorat,
959 1008 1063 1086 atque
1083 999 1278 1078 cerebrum,
1301 994 1304 999 ’

206 1104 319 1186 Atque
345 1104 464 1190 epulas
487 1111 643 1187 renovat,
667 1107 837 1174 crescenti
861 1109 1005 1188 viscere,
1028 1124 1179 1191 serpens.
1216 1129 1236 1163 κ

206 1208 269 1285 oui
293 1215 409 1295 posset
432 1212 556 1294 luctus,
579 1214 655 1297 quis
679 1218 812 1280 tantum
836 1215 958 1282 audire
982 1213 1177 1281 ululatum?

209 1315 342 1402 Aspicis
366 1337 453 1384 anne
478 1317 602 1401 virum,
625 1321 724 1401 dixit,
744 1321 796 1401 sic
820 1341 880 1388 ore
904 1321 1135 1388 frementeml
1185 1373 1187 1375 .

207 1426 267 1489 Est
291 1426 422 1510 Sophus
445 1426 621 1509 altisonus,
645 1431 812 1495 llnssonm
836 1430 972 1496 nomine
997 1428 1127 1509 dicunt,

206 1532 268 1606 Qui
294 1534 395 1600 inodo
420 1538 537 1601 nostra
561 1536 654 1617 viris,
677 1557 763 1621 quos
786 1536 910 1617 cernis,
934 1555 1043 1620 regna
1066 1533 1223 1619 replevit.

204 1639 328 1724 Aspice
353 1644 391 1707 tu
412 1661 549 1727 quoque
574 1663 664 1726 eum,
687 1664 789 1729 quem
811 1644 907 1712 circa
931 1645 1075 1710 malleus
1098 1660 1232 1710 omues

206 1747 404 1817 Summovet
428 1754 464 1817 et
487 1744 618 1833 dentes
642 1756 677 1819 et
700 1751 831 1820 crebris
855 1755 1013 1840 tempora
1032 1750 1146 1818 tundit

205 1855 344 1939 lctibus
368 1861 403 1924 et
426 1857 563 1945 forceps
586 1861 794 1928 candescens
816 1859 960 1946 inguina
984 1863 1134 1945 torquet,

204 1966 317 2050 Atque
341 1967 443 2033 modo
467 1965 621 2051 linguam
646 1968 800 2036 alterno:
826 1973 878 2036 est
902 1967 1079 2035 Volterius
1101 1965 1172 2048 ille,

205 2071 268 2148 Qui
292 2072 431 2159 scriptis
454 2077 564 2142 totum
589 2074 705 2161 pravis
728 2076 926 2162 repleverat
949 2077 1080 2157 orbem,

208 2182 315 2257 (luem
340 2181 431 2268 sapis
455 2186 490 2249 et
514 2185 649 2251 redoles
672 2182 772 2250 avide
798 2182 1007 2250 monimenta
1030 2183 1204 2266 sequutus

203 2291 301 2358 Hunc
324 2309 459 2377 qnoque
484 2310 588 2360 cerne
612 2293 725 2359 locum
749 2310 876 2376 magno
900 2293 1051 2358 clamore
1074 2294 1266 2371 sonantem,

150 2404 172 2447 ι’
203 2397 346 2464 Lumina
371 2404 467 2466 verte
491 2398 525 2464 in
551 2418 620 2482 eos,
644 2399 777 2467 cruciat
800 2418 885 2483 quos
908 2397 1063 2484 scorpius
1087 2396 1209 2481 ingens

204 2505 350 2590 Agmine
374 2506 578 2593 multiplici:
603 2511 679 2574 ater
703 2506 952 2593 Robesperrius
976 2504 1039 2572 iste

202 2619 229 2682 A
255 2619 380 2684 dextra
404 2623 466 2700 est,
490 2620 639 2706 patriam
663 2619 721 2705 qui
746 2625 874 2686 terram
900 2618 1067 2702 sanguino
1092 2615 1181 2682 ludit

203 2728 352 2793 Innocuo
380 2724 506 2808 videas
530 2730 565 2794 et
589 2730 689 2795 laeva
712 2749 733 2794 a
757 2732 856 2813 parte
881 2729 1064 2806 Maratnrn,
1082 2738 1101 2819 j

200 2832 355 2918 Virginis
379 2833 571 2921 intrepidus
594 2855 704 2920 nuper
727 2854 829 2920 quem
854 2835 921 2901 huc
946 2831 1120 2899 transtulit
1145 2831 1246 2899 ensis

200 2943 260 3009 llle
285 2944 379 3010 locus
403 2941 531 3009 retinet
556 2941 679 3030 (digito
704 2943 864 3027 signabat
889 2941 1010 3028 eunti),

199 3052 236 3115 ln
260 3049 345 3136 picis
369 3049 502 3117 ardenti
528 3053 703 3118 Gallorum
728 3053 851 3134 vulgus
874 3050 997 3129 aliene,

201 3155 265 3232 Qui
289 3159 429 3224 volucre
454 3177 550 3224 snam
575 3163 719 3224 naturae
740 3157 879 3242 juribus
902 3175 1008 3239 usqne

199 3258 331 3331 Ducere
355 3264 514 3332 discincti
539 3266 665 3332 vitam:
691 3263 870 3333 conamine
895 3266 969 3328 l'nso

199 3375 387 3440 Daemones
410 3371 558 3457 aspicias
581 3371 651 3439 illic
675 3374 843 3439 extollere
867 3372 965 3437 sedes

197 3480 250 3544 Ad
274 3482 447 3545 tormenta
471 3499 597 3547 novas:
622 3483 699 3548 loca
722 3484 801 3546 sunt
824 3479 873 3546 sic
898 3477 1012 3546 onmia
1035 3495 1179 3562 poenae.

131 3607 136 3613 ·
197 3589 262 3654 Sed
286 3606 513 3673 properemus
536 3587 623 3655 iter:
650 3589 746 3656 nobis
770 3608 848 3654 nam
873 3587 994 3654 sistere
1018 3586 1171 3671 paullum

196 3693 348 3760 Maxima
371 3695 475 3779 culpa
498 3695 600 3776 soret,
624 3693 737 3779 major
762 3694 823 3762 tibi
846 3714 958 3781 poena
982 3696 1136 3759 daretur.

197 3803 293 3869 Nunc
317 3804 492 3882 adeamus,
517 3802 574 3868 ubi
598 3805 754 3870 sedetet
778 3808 944 3887 regnator
968 3799 1095 3867 Averni

198 3912 246 3976 Vt
269 3907 332 3976 tibi
356 3927 420 3994 pro
444 3909 555 3994 culpis
578 3929 709 3994 aequus
733 3915 906 3979 tormenta
930 3909 1109 3995 rependat.

197 4015 354 4083 Constitit
378 4015 434 4082 lric
458 4017 618 4082 tandem:
651 4017 764 4085 medio
789 4021 870 4083 tunc
895 4016 1042 4101 frigidus
1065 4015 1146 4098 igne

198 4125 340 4203 Horror,
364 4142 405 4188 eo
430 4121 514 4203 vise,
538 4122 663 4188 luliani
688 4127 842 4191 membra
865 4127 1045 4209 pererrat:

197 4231 415 4297 Horruerant
438 4229 571 4296 crines:
597 4230 688 4296 oculi
712 4231 893 4298 formidine
918 4234 1081 4312 turgent:

200 4339 321 4405 Genua
346 4339 482 4404 latrant:
507 4337 608 4404 Ducis
631 4339 767 4407 enervis
790 4340 985 4426 procumbit
1008 4342 1053 4406 ad
1077 4359 1219 4424 ungues.
