3382 5362
884 410 1085 475 -102-

463 555 625 620 Attamen
650 556 686 620 et
709 552 829 634 levius,
852 551 1012 639 quoniam
1039 552 1124 620 haec
1149 558 1183 619 te
1208 571 1293 621 cura
1316 555 1503 634 remordet,

462 659 630 746 llxperiar
655 663 827 727 Venetos:
853 646 986 727 menses
1009 660 1074 727 hoc
1100 658 1197 726 triste
1222 680 1284 746 per
1308 666 1386 728 octo

462 767 603 834 Durabit
627 767 797 853 regimen,
821 786 884 834 nec
907 766 1073 852 sanguine
1099 771 1197 834 terra
1219 770 1414 835 madescet:

461 879 585 945 Postea
609 879 644 942 et
668 875 720 941 his
742 875 834 942 dulci
858 874 1090 943 dominabitur
1114 874 1253 942 dustria
1277 876 1407 943 fraeno.

461 984 572 1050 Corda
595 984 654 1050 sed
679 989 844 1069 expertus
868 983 994 1049 frustra
1020 981 1170 1069 (namin
1195 981 1340 1049 crimina
1363 1000 1532 1069 praeceps

461 1093 608 1179 Quisque
633 1091 714 1175 ruit,
738 1091 1076 1177 nobisqueindicere
1101 1093 1207 1159 durus
1230 1095 1392 1159 acerbum

461 1200 643 1268 Continuat
666 1201 804 1279 bellum,
828 1202 863 1266 et
886 1197 1055 1284 petulanti
1075 1197 1159 1283 jura
1182 1198 1348 1267 cachinno

460 1310 581 1394 Meque
605 1311 711 1375 Deum
736 1305 824 1374 coeli
848 1304 990 1393 spernit,
1014 1309 1210 1392 terraeque,
1235 1305 1421 1392 marisque)

460 1415 693 1502 Francigenas
717 1414 843 1483 iterum
867 1417 1079 1481 Venetorum
1104 1414 1138 1481 in
1162 1415 1265 1484 litora
1288 1416 1426 1503 pellam,

459 1527 644 1610 Postquam
669 1522 720 1590 bis
742 1525 890 1609 quatuor
914 1541 1058 1607 magnos
1081 1522 1308 1609 compleverit
1331 1523 1431 1590 orbes

460 1633 515 1699 Sol
539 1651 643 1718 super
666 1629 826 1715 indignas
850 1627 1025 1697 volvendis
1047 1628 1219 1698 mensibus
1243 1632 1356 1698 urbes

460 1743 543 1808 Cum
563 1738 638 1825 jam
663 1740 837 1825 Napoleon
862 1735 972 1822 regali
997 1741 1155 1824 tempora
1177 1742 1270 1805 serto

460 1846 624 1929 Cinxerit,
648 1844 837 1931 Italiaeque
860 1844 974 1912 animo
998 1844 1229 1913 dominabitur
1253 1850 1341 1913 atro.

459 1957 553 2023 Haec
573 1953 664 2041 juga
687 1955 863 2022 Gallorum
887 1951 1013 2020 Veneti
1035 1951 1214 2039 patiantur
1237 1952 1347 2021 inulti.

460 2063 515 2132 Sic
538 2083 604 2132 non
629 2060 680 2129 vis
703 2060 836 2143 animis,
859 2078 923 2128 nec
946 2063 1044 2128 tanta
1066 2062 1228 2148 superbia
1253 2061 1362 2131 victis.

460 2173 623 2242 Fatorum
647 2171 707 2238 sed
732 2170 821 2238 enim
847 2171 986 2239 volvens
1009 2188 1138 2236 arcana
1161 2172 1317 2251 moveb0,

461 2281 504 2348 Et
527 2299 662 2348 mecum
687 2277 817 2365 cupias,
841 2277 913 2360 fiat,
936 2295 1014 2343 mea
1038 2281 1131 2359 nata,
1155 2278 1321 2344 voluntas.

460 2390 650 2474 Cymaeum
676 2384 871 2467 immittam,
894 2403 997 2451 saevo
1020 2383 1079 2469 qui
1103 2385 1243 2452 crudior
1267 2403 1381 2469 angue

460 2493 608 2565 Dictabit
631 2492 766 2580 populis
789 2493 915 2560 crudas
937 2490 971 2556 in
995 2491 1114 2560 codice
1138 2493 1246 2577 leges,

459 2604 549 2680 Quas
571 2620 638 2668 non
658 2598 718 2685 jus
742 2598 850 2668 dictat
874 2589 1032 2681 naturae,
1056 2605 1092 2666 at
1115 2620 1224 2686 prava
1248 2599 1384 2687 cupido.

460 2707 651 2796 lngluviem
674 2705 815 2775 satiabit
838 2725 955 2789 avens,
978 2708 1150 2794 durusque
1174 2728 1238 2795 per
1262 2712 1340 2777 octo

388 2813 391 2819 ”
461 2815 608 2905 Imperio
632 2818 785 2883 Venetas
808 2814 911 2880 urbes
934 2814 1170 2882 moderabitur
1194 2835 1309 2884 annos.

460 2926 530 2992 Nec
554 2940 662 3002 mora,
685 2939 749 2988 nec
772 2919 885 3007 pietas
908 2919 980 2986 illi:
1008 2921 1185 3008 turpisque
1209 2921 1374 3009 carybdis

461 3034 653 3116 Extorquet
677 3026 820 3096 Venetis
844 3025 994 3094 violenta
1017 3028 1148 3097 tributa
1172 3031 1326 3098 licenter.

460 3141 547 3220 Vae,
571 3136 635 3205 nisi
658 3135 702 3204 sit
727 3133 865 3222 scriptis
888 3134 1068 3220 trigesima
1091 3138 1182 3205 linea
1205 3138 1349 3222 cunctis,

460 3248 554 3324 Quae
577 3244 644 3313 sint
668 3250 747 3313 ante
775 3243 878 3312 avido
901 3244 1001 3330 regni
1025 3246 1193 3331 signanda
1216 3249 1341 3334 sigillo

460 3354 533 3433 Quo
556 3353 619 3422 sibi
643 3373 808 3439 gazarum
832 3354 1066 3439 praegrandia
1088 3358 1243 3442 pondera
1266 3360 1428 3426 acervat!

461 3461 633 3532 Mercibus
656 3465 692 3529 et
714 3460 796 3530 totis
819 3480 908 3529 nova
932 3463 1119 3548 vectigalia
1142 3469 1239 3551 liget,

461 3570 509 3640 Vt
533 3568 675 3638 Venetis
698 3588 839 3656 prorsus
862 3577 994 3638 cessent
1017 3575 1225 3643 commercia
1249 3577 1360 3645 terris.

461 3678 604 3747 Publica
626 3680 830 3747 claudentur
853 3680 1013 3749 fraudato
1038 3685 1172 3750 aeraria
1196 3685 1275 3768 civi,

463 3789 639 3855 Sudabunt
662 3786 791 3855 frustra
813 3788 965 3856 artilices
989 3793 1149 3859 mercede
1174 3803 1313 3879 negata,

461 3895 532 3964 Neo
555 3895 667 3983 pietas
689 3897 861 3982 lacrymis,
885 3918 951 3965 non
976 3902 1045 3967 ulla
1069 3902 1238 3971 levamina
1262 3907 1370 3974 nudis

463 4007 535 4082 Quo
560 4024 626 4073 non
650 4003 769 4070 infami
794 4007 929 4074 t'urandi
954 4007 1026 4096 ipso
1052 4011 1161 4079 irruet
1185 4017 1302 4082 aestu!

462 4112 505 4180 Et
529 4111 621 4180 vitiis
644 4115 798 4182 retrahet
821 4121 1000 4200 quaestum
1025 4119 1179 4190 vitiosior
1203 4124 1289 4191 atris

419 4239 422 4247 ·
463 4221 645 4290 Omnibus:
670 4223 861 4290 adnomen
887 4230 957 4292 tam
982 4231 1083 4314 turpe
1108 4231 1325 4302 horresceret
1349 4255 1455 4322 usqrm

463 4329 527 4400 Hic
550 4332 664 4400 locus:
690 4336 794 4417 atque
819 4337 911 4400 artes
934 4335 1088 4419 graviori
1113 4342 1265 4425 pondere
1288 4345 1453 4430 pulchrae
