3382 5362
735 380 935 445 -134-

309 523 417 592 Milite
441 522 498 610 qni
522 527 691 610 superest,
715 527 750 590 et
774 541 876 608 quem
901 524 1102 590 servaverat
1126 520 1248 606 ingens

309 632 487 715 Perfidies,
511 631 622 717 magis
646 635 680 699 et
704 628 816 714 magis
838 631 910 696 alta
932 630 1064 717 palatia
1087 629 1242 714 cingunt,

311 744 347 806 ln
372 738 469 825 queis
488 737 572 823 jura
595 739 723 805 dabant
746 737 873 823 populo
896 737 1105 824 decretaque
1130 738 1272 804 Patres:

309 846 468 915 Pluribus
491 851 596 933 atque
620 844 736 926 alanis,
760 863 862 932 quam
889 843 944 911 vix
969 844 1045 912 lieri
1069 847 1149 912 aute
1173 844 1316 926 solebat,

309 955 363 1026 Sic
388 954 500 1040 magis
523 960 627 1041 atque
652 952 764 1037 magis
783 949 920 1036 jaciunt
944 951 977 1018 in
1002 952 1109 1020 corda
1132 951 1283 1019 timores,

310 1067 464 1150 Insuper,
488 1083 507 1130 o
532 1062 643 1150 pudor
666 1064 771 1146 alque
794 1060 925 1127 scelus!
951 1063 1082 1127 terrere
1106 1056 1286 1145 paciscunt

309 1173 391 1237 Cum
415 1169 516 1238 sociis
539 1171 582 1236 de
607 1169 714 1235 caede
739 1170 859 1233 Patres
882 1165 974 1253 (eum
999 1165 1151 1234 maxima
1173 1183 1291 1232 rerum

309 1279 588 1345 pertractaturos
611 1278 754 1363 caperet
779 1272 982 1340 venerabilis
1004 1273 1109 1358 aula),

310 1392 418 1474 Ignea
441 1391 480 1455 ut
504 1387 690 1474 explodaut
714 1403 840 1469 magno
864 1387 1037 1451 tormenta
1059 1385 1212 1469 fragore.

309 1499 403 1565 Hora
426 1514 587 1582 suprema
611 1492 715 1574 venit,
737 1512 806 1579 qua
829 1490 917 1559 turri
942 1493 1067 1560 edebat
1089 1494 1133 1560 ab
1156 1493 1227 1560 alta

309 1607 428 1674 Rauca
452 1601 551 1670 nimis
574 1620 743 1688 campana
765 1619 896 1682 sonum,
919 1619 1008 1687 quae
1033 1621 1077 1669 ex
1100 1620 1196 1669 more
1220 1600 1352 1668 solebat

309 1713 471 1797 Magnum
496 1709 682 1779 Concilium
706 1712 872 1794 augustas
895 1726 1073 1777 accersere
1097 1707 1132 1774 in
1156 1709 1261 1776 aulas.

309 1822 505 1888 Convenere
530 1821 661 1899 Patres,
684 1815 773 1884 ictus
796 1814 894 1901 queis
916 1815 1071 1901 singulus
1094 1816 1186 1885 aeris

309 1925 513 2014 Ingeminat‚
537 1928 712 2011 augetque
736 1928 848 1991 metus
870 1923 904 1990 in
928 1929 1070 2011 pectore
1095 1924 1219 1992 tristes.

309 2037 384 2123 lpse
408 2053 475 2120 ego
499 2037 582 2101 tunc
605 2033 719 2099 vultus
740 2031 858 2119 populi
882 2052 1040 2101 moerore
1064 2034 1197 2102 refusos

310 2140 428 2209 Tristis
451 2160 518 2226 ego
541 2160 677 2227 quoque
701 2140 850 2227 respexi,
873 2150 977 2227 atque
1001 2141 1182 2210 timoribus
1204 2141 1309 2209 albos.

309 2251 462 2318 Nondum
487 2253 603 2316 autem
628 2248 786 2316 Patribus
809 2248 953 2332 lacinus
976 2251 1171 2337 populoque
1195 2250 1338 2336 patebat
1351 2268 1362 2336 ;

240 2431 242 2434 y
308 2358 415 2424 Fama
436 2359 497 2424 seul
522 2359 660 2424 errabat
683 2360 825 2424 cunctas
848 2355 982 2425 incerta
1004 2378 1068 2444 per
1092 2376 1204 2425 aures.

309 2470 376 2535 Per
399 2467 486 2548 fora,
509 2486 639 2553 perque
664 2466 737 2534 vias
760 2466 867 2534 tacito
891 2487 1047 2536 sermone
1072 2468 1207 2536 ferebat

309 2575 417 2642 Multa
440 2574 530 2641 inter
552 2593 588 2640 se
612 2576 709 2660 plebs
733 2572 849 2640 divisis
873 2574 1021 2660 undique
1047 2574 1178 2642 turmis,

309 2684 422 2749 Turba
445 2683 563 2748 dolens
586 2684 707 2748 Patres
731 2679 877 2766 suspiria
901 2683 1005 2749 eorde
1032 2684 1208 2751 trahentes

307 2791 573 2873 concomitatur,
599 2789 655 2858 ubi
679 2788 832 2858 sublimis
857 2790 953 2858 ducit
976 2793 1021 2858 ad
1045 2793 1159 2859 aulam
1260 2793 1266 2807 ‘

308 2901 406 2966 Scala
429 2902 562 2986 patens,
586 2897 619 2964 in
643 2918 732 2985 quae
756 2896 940 2966 simulacra
963 2897 1120 2984 ingentia
1144 2899 1277 2982 Martis,

308 3008 541 3099 AEquoreique
566 3009 625 3078 Dei
649 3009 750 3077 Pario
775 3010 817 3078 de
842 3030 1013 3080 marmore
1038 3015 1196 3097 surgunt.

308 3117 413 3207 Signa
435 3118 616 3203 potestatis
639 3121 808 3186 monstrat
832 3118 988 3187 mirabile
1012 3120 1147 3207 priscae

309 3231 381 3299 Hoc
406 3248 491 3317 opus
514 3227 548 3296 in
574 3234 685 3297 terras
709 3234 933 3312 Venetorum,
958 3236 993 3299 et
1016 3231 1051 3298 in
1074 3231 1234 3318 aequoris
1258 3231 1381 3316 undas,

308 3340 351 3408 Et
373 3360 508 3427 quoque
533 3340 747 3426 magnificas,
770 3360 833 3427 per
857 3361 941 3427 quas
967 3342 1129 3410 excelluit
1153 3345 1235 3425 alte,

308 3445 450 3515 Divitias
472 3452 651 3532 monstrat,
675 3448 846 3536 patriique
870 3448 1005 3517 decoris
1028 3469 1192 3519 amorem.

308 3555 432 3644 Aspice
455 3560 539 3642 quot
564 3559 669 3625 moles
692 3563 839 3642 surgunt
862 3578 967 3645 opere
993 3561 1143 3647 undique
1167 3561 1323 3647 pulchro,

308 3665 431 3756 llspice
455 3670 586 3754 templa
609 3667 715 3736 etiam
740 3674 847 3736 telam
872 3671 995 3738 diffusa
1019 3692 1081 3758 per
1107 3675 1247 3756 Vrbem,

308 3779 374 3846 Seu
398 3777 491 3845 cives
515 3779 630 3845 fecere
654 3778 715 3865 pii,
738 3799 798 3846 seu
823 3782 960 3847 armaria
983 3783 1093 3867 large.
1425 3862 1429 3869 ,

308 3885 403 3954 Nunc
426 3886 513 3953 heu!
539 3887 631 3953 nulla
655 3886 793 3971 quidem
818 3889 920 3974 prisci
946 3897 1062 3959 manet
1087 3896 1208 3960 lnnbra
1232 3890 1378 3977 decoris

308 3993 420 4062 larva
443 3993 591 4060 videnda
615 3993 709 4060 dabit
733 3998 943 4082 consumptis
967 4001 1128 4067 carnibus
1151 4020 1238 4069 ossa.

308 4099 441 4168 Gallica
462 4099 510 4167 sic
533 4100 646 4186 potuit
670 4100 795 4184 rabies
819 4103 970 4189 furtique
996 4108 1119 4176 libido!

308 4209 401 4293 Engo
425 4206 606 4293 quingenti
630 4227 772 4275 nurnero
798 4209 1032 4298 tringintaque
1056 4222 1192 4303 septem

309 4319 505 4385 Convenere
531 4317 672 4386 hebetes
695 4337 800 4385 coeca
823 4321 1005 4391 formidine
1030 4328 1161 4396 Patres.
